@Book{book:DES,
author = {Cassandras C. and Lafortune S.},
title = {Introduction to Discrete Event Systems},
publisher = {Springer},
year = {2008},
}

@Book{book:lamp,
author = {Lamperti G. and Zanella M.},
title = {Diagnosis of active systems. Principles and Techniques},
publisher = {Kluwer Academic Publishers},
year = {2003},
}

@Book{book:compilers,
author = {Aho A. and Lam M. and Sethi R. and Ullman J.},
title = {Compilers. Principles, Techniques and Tools},
publisher = {Pearson},
year = {2006},
}

@Book{book:bison,
author = {Levine J.},
title = {Flex \& Bison},
publisher = {O'Really Media},
year = {2009},
}


@InProceedings{art:semanticpatt,
author = {Lamperti G. and Zhao X.},
year = {2014},
title = {Diagnosis of Active Systems by Semantic Patterns},
booktitle = {IEEE Transactions on Systems, Man, and Cybernetics: systems, vol.44, no.8},
}

@InProceedings{art:hdes,
author = {Lamperti G. and Zhao X.},
year = {2013},
title = {Diagnosis of Higher-Order Discrete-Event Systems},
booktitle = {A. Cuzzocrea et al.(Eds.):CD-ARES 2013, LNCS 8127, pp.162-177},
}

@Article{ SamSenLafSinTen:95,
author = "M. Sampath and R. Sengupta and S. Lafortune and K. Sinnamohideen and D.C. Teneketzis",
title = "Diagnosability of Discrete-Event Systems",
journal = "IEEE Transactions on Automatic Control",
year = "1995",
volume = "40",
number = "9",
pages = "1555--1575"
}

@Article{ SamSenLafSinTen:96,
author = "M. Sampath and R. Sengupta and S. Lafortune and K. Sinnamohideen and D.C. Teneketzis",
title = "Failure diagnosis using discrete-event models",
journal = "IEEE Transactions on Control Systems Technology",
year = "1996",
volume = "4",
number = "2",
pages = "105--124"
}

@Article{ LamZan:02-aij,
author = "G. Lamperti and M. Zanella",
title = "Diagnosis of discrete-event systems from uncertain temporal observations",
journal = "Artificial Intelligence",
year = "2002",
volume = "137",
number = "1--2",
pages = "91--163"
}

@misc{web:lamp,
author = {Lamperti G.},
title = {Compilers},
year = {2015},
howpublished = {\url{http://gianfranco-lamperti.unibs.it/co/co.html}}
}

@misc{web:grail,
author = {University of Western Ontario(Canada), Department of Computer Science },
title = {The Grail+ Project},
year = {2002},
howpublished = {\url{http://ftp.csd.uwo.ca/Research/grail/index.html}}
}

@misc{web:astl,
author = {Le Maout V.},
title = {ASTL, the Automata Standard Template Library},
year = {2015},
howpublished = {\url{http://astl.sourceforge.net/}}
}

@misc{web:boost,
author = {Dawes B. and Abrahams D. and Rivera R.},
title = {Boost C++ Libraries},
year = {2015},
howpublished = {\url{http://www.boost.org/}}
}

@misc{web:graphviz,
author = { AT\&T Research Labs},
title = {Graphviz - Graph Visualization Software},
year = {2015},
howpublished = {\url{http://www.graphviz.org/}}
}