@InCollection{ LamQua:16-idt,
	author = "G. Lamperti and G. Quarenghi",
	booktitle = "Smart Digital Futures 2016",
	title = "Intelligent monitoring of complex discrete-event systems",
	editor = "R.J. Howlett and L.C. Jain",
	publisher = "Springer, Berlin Heidelberg",
	series = "Smart Innovation, Systems and Technologies",
	year = "2016",
	issn = "2190-3018"
}