@Article{ AghFabBenBouJar:98,
	author = "A. Aghasaryan and E. Fabre and A. Benveniste and B. Boubour and C. Jard",
	title = "Fault detection and diagnosis in distributed systems: an approach by partially stochastic {P}etri nets",
	journal = "Journal of Discrete Event Dynamical Systems: Theory and Application",
	year = "1998",
	volume = "August",
	pages = "203--231"
}

@Book{ AhoSetUll:86,
	author = "A. Aho and R. Sethi and J.D. Ullman",
	title = "Compilers -- Principles, Techniques, and Tools",
	publisher = "Addison-Wesley",
	address = "Reading, MA",
	year = "1986"
}

@Book{ AhoLamSetUll:06,
	author = "A. Aho and M.S. Lam and R. Sethi and J.D. Ullman",
	title = "Compilers -- Principles, Techniques, and Tools",
	edition = "second",
	publisher = "Addison-Wesley",
	address = "Reading, MA",
	year = "2006"
}

@InProceedings{ AicJob:12,
	author = {B.K. Aichernig and E. J\"{o}bstl},
	booktitle = "Proceedings of QSIC 2012",
	title = "Efficient refinement checking for model-based mutation testing",
	publisher = "IEEE, Piscataway, NJ",
	address = "Xi'an, Shaanxi, China",
	month = "27--29 August",
	year = "2012",
	pages = "21--30",
	isbn = "9781467328579"
}

@InCollection{ AicJobKeg:13,
	author = {B.K. Aichernig and E. J\"{o}bstl and M. Kegele},
	booktitle = "7th International Conference on Tests and Proofs (TAP 2013)",
	title = "Incremental refinement checking for test case generation",
	editor = " M. Veanes and L. Vigan\`{o} ",
	publisher = "Springer",
	series = "LNCS",
	volume = "7942",
	address = "Budapest, Hungary",
	year = "2013",
	pages = "1--19",
	isbn = "3-540-19074-0"
}

@article{ AicJobTir:2014,
	author = {B.K. Aichernig and E. J\"{o}bstl and S. Tiran},
	title = "Model-based mutation testing via symbolic refinement checking",
	journal = "Science of Computer Programming",
	year = "2014",
	doi = "http://dx.doi.org/10.1016/j.scico.2014.05.004",
	note = "In Press"
}

@Article{ All:83,
	author = "J. Allen",
	title = "Maintaining temporal knowledge about temporal intervals",
	journal = "CACM",
	year = "1983",
	volume = "26",
	number = "11",
	pages = "832--843"
}

@Book{ AllSauYor:00,
	author = "K.T. Alligood and T.D. Sauer and J.A. Yorke",
	title = "Chaos. An Introduction to Dynamical Systems",
	publisher = "Springer-Verlag",
	year = "2000"
}

@Article{ Ang:87,
	author = "D. Angluin",
	title = "Learning regular sets from queries and counterexamples",
	journal = "Information and Computation",
	year = "1987",
	volume = "75",
	pages = "87--106"
}

@Article{ Art:99,
	author = " W.B. Arthur",
	title = "Complexity and the economy",
	journal = "Science",
	year = "1999",
	volume = "284",
	pages = "107-109"
}

@Article{ AtaJos:04,
	author = "F.M. Atay and J. Jost",
	title = "On the emergence of complex systems on the basis of the coordination of complex behaviors of their elements: synchronization and complexity",
	journal = "Complexity",
	publisher = "Wiley",
	year = "2004",
	volume = "10",
	number = "1",
	pages = "17-22"
}

@Book{ Att:11,
	author = "S. Attaway",
	title = "Matlab: A Practical Introduction",
	edition = "second",
	publisher = "Elsevier",
	address = "Oxford, United Kingdom",
	year = "2011"
}

@Book{ AtzCerParTor:99,
	author = "P. Atzeni and S. Ceri and S. Paraboschi and R. Torlone",
	title = "Database Systems: Concepts, Languages and Architectures",
	publisher = "McGraw-Hill",
	year = "1999"
}

@Book{ BadPol:99,
	author = "R. Badii and A. Politi",
	title = "Complexity: Hierarchical Structures and Scaling in Physics",
	publisher = " Cambridge University Press",
	year = "1999"
}

@Book{ Bak:96,
	author = {T. B\"{a}k},
	title = "Evolutionary Algorithms in Theory and Practice: Evolution Strategies, Evolutionary Programming, Genetic Algorithms",
	publisher = " Oxford University Press",
	year = "1996"
}

@article{ BaiApw:00,
	author = "A. Bairoch and R. Apweiler",
	title = "The {SWISS-PROT} protein sequence database and its supplement {TrEMBL} in 2000",
	journal = "Nucleic Acids Research",
	volume = "28",
	number = "1",
	year = "2000",
	pages = "45--48"
}

@InCollection{ BalLamSca:14-idt,
	author = "S.I. Balan and G. Lamperti and M. Scandale",
	booktitle = "Smart Digital Futures",
	title = "Incremental subset construction revisited",
	editor = "R. Neves-Silva and G.A. Tshirintzis and V. Uskov and R.J. Howlett and L.C. Jain",
	publisher = "IOS Press",
	series = "Frontiers in Artificial Intelligence and Applications",
	volume = "262",
	address = "Amsterdam, Netherlands",
	year = "2014",
	pages = "25-37"
}

@InCollection{ BalLamSca:14-cd-ares,
	author = "S.I. Balan and G. Lamperti and M. Scandale",
	booktitle = "Availability, Reliability, and Security in Information Systems",
	title = "Metrics-based incremental determinization of finite automata",
	editor = "S. Teufel and A Min Tjoa and I. You and E. Weippl",
	publisher = "Springer, Berlin Heidelberg",
	series = "LNCS",
	volume = "8708",
	year = "2014",
	pages = "29--44",
	isbn = "978-3-319-10974-9"
}

@Article{ Bar:84,
	author = "H.G. Barrow",
	title = "{VERIFY}: A program for proving correctness of digital hardware",
	journal = "Artificial Intelligence",
	year = "1984",
	volume = "24",
	number = "1"
}

@InProceedings{ BarCanGui:95,
	author = "P. Baroni and U. Canzi and G. Guida",
	title = "SHORT: a knowledge-based system for fault diagnosis in power transmission networks",
	booktitle = "Eighth International Symposium on Artificial Intelligence",
	address = "Monterrey, Mexico",
	year = "1995",
	pages = "199--208"
}

@Article{ BarCanGui:97,
	author = "P. Baroni and U. Canzi and G. Guida",
	title = "Fault diagnosis through history reconstruction: an application to power transmission networks",
	journal = "Expert Systems with Applications",
	year = "1997",
	volume = "12",
	number = "1",
	pages = "37--52"
}

@InProceedings{ BarLamPogZan:98,
	author = "P. Baroni and G. Lamperti and P. Pogliano and M. Zanella",
	title = "Diagnosis of active systems",
	booktitle = "Thirteenth European Conference on Artificial Intelligence ECAI'98",
	address = "Brighton, United Kingdom",
	year = "1998",
	pages = "274--278"
}

@Article{ BarLamPogZan:99,
	author = "P. Baroni and G. Lamperti and P. Pogliano and M. Zanella",
	title = "Diagnosis of large active systems",
	journal = "Artificial Intelligence",
	year = "1999",
	volume = "110",
	number = "1",
	pages = "135--183"
}

@Article{ BarLamPogZan:00,
	author = "P. Baroni and G. Lamperti and P. Pogliano and M. Zanella",
	title = "Diagnosis of a class of distributed discrete-event systems",
	journal = "IEEE Transactions on Systems, Man, and Cybernetics -- Part A: Systems and Humans",
	year = "2000",
	volume = "30",
	number = "6",
	pages = "731--752"
}

@InProceedings{ BarLamPogTorZan:97a,
	author = "P. Baroni and G. Lamperti and P. Pogliano and G. Tornielli and M. Zanella",
	title = "Automata-based reasoning for short circuit diagnosis in power transmission networks",
	booktitle = "Twelfth International Conference on Applications of Artificial Intelligence in Engineering",
	address = "Capri, Italy",
	year = "1997"
}

@InProceedings{ BarLamPogTorZan:97b,
	author = "P. Baroni and G. Lamperti and P. Pogliano and G. Tornielli and M. Zanella",
	title = "A multi-interpretation approach to fault diagnosis in power transmission networks",
	booktitle = "Third IFAC Symposium on Fault Detection, Supervision and Safety for Technical Processes SAFEPROCESS'97",
	address = "Hull, United Kingdom",
	year = "1997",
	pages = "961--966"
}

@InProceedings{ BarMcISon:00,
	author = "C. Barral and S. McIlraith and T.C. Son",
	title = "Formulating diagnostic problem solving using an action language with narratives and sensing",
	booktitle = "Seventh International Conference on Knowledge Representation and Reasoning -- KR'2000",
	address = "Breckenridge, Colorado",
	publisher = "Morgan Kaufmann, S. Francisco, CA",
	year = "2000",
	pages = "311--322"
}

@Book{ Bar:97,
	author = "Y. Bar-Yam",
	title = "Dynamics of Complex Systems",
	series = "Studies in Nonlinearity",
	publisher = "Addison-Wesley",
	year = "1997"
}

@InCollection{ Bar:14,
	author = "Y. Bar-Yam",
	title = "General features of complex systems",
	booktitle = "Encyclopedia of Life Support Systems",
	volume = "1",
	publisher = "EOLSS UNESCO Publishers",
	address = "Oxford, UK",
	year = "2014"
}

@Book{ Bat:05,
	author = "M. Batty",
	title = "Cities and Complexity",
	publisher = "MIT Press",
	year = "2005"
}

@Article{ Bed:03,
	author = "M.A Bedau",
	title = "Artificial life: organization, adaptation and complexity from the bottom up",
	journal = "TRENDS in Cognitive Sciences",
	year = "2003",
	volume = "7",
	number = "11",
	pages = "505--512"
}

@InCollection{ Brz:62,
	author = "J.A. Brzozowski",
	title = "Canonical regular expressions and minimal state graphs for definite events",
	booktitle = "Mathematical Theory of Automata",
	publisher = "Press of Polytechnic Inst. of Brooklyn",
	address = "Brooklyn, NY",
	year = "1962",
	pages = "529--561",
	note = "Volume 12 of MRI Symposia Series",
}

@Article{ BesDreFreMonStr:93,
	author = "A. Beschta and O. Dressler and H. Freitag and M. Montag and P. Struss",
	title = "A model-based approach to fault localisation in power transmission networks",
	journal = "Intelligent Systems Engineering",
	year = "1993",
	pages = "3--14"
}

@Article{ BisKapYu:97,
	author = "G. Biswas and R. Kapadia and X. Yu",
	title = "Combined qualitative-quantitative steady-state diagnosis of continuous-valued systems",
	journal = "IEEE Transactions on Systems, Man, and Cybernetics",
	year = "1997",
	volume = "27",
	number = "2",
	pages = "167--185"
}

@article{ BisSarBhoMuk:07,
	author = {S. Biswas and D. Sarkar and P. Bhowal and S. Mukhopadhyay},
	title = {Diagnosis of delay-deadline failures in real time discrete event models},
	journal = {ISA Transactions},
	volume = {46},
	number = {4},
	year = {2007},
	pages = {569--582}
}

@InProceedings{ BisYu:93,
	author = "G. Biswas and X. Yu",
	title = "A formal modeling scheme for continuous systems: focus on diagnosis",
	booktitle = "Thirteenth International Joint Conference on Artificial Intelligence IJCAI'93",
	address = "Chambery, France",
	year = "1993",
	pages = "1474--1479"
}

@InProceedings{ BobFalFarFikForGruIwaKui:96,
	author = "D. Bobrow and B. Falkenhainer and A. Farquhar and R. Fikes and K. Forbus and T. Gruber and Y. Iwasaki and B. Kuipers",
	title = "A compositional modeling language",
	booktitle = "Tenth International Workshop on Qualitative Reasoning -- QR'96",
	address = "Fallenleaf Lake, CA",
	year = "1996"
}

@Article{ Boc:78,
	author = "G.V. Bochmann",
	title = "Finite state description of communication protocols",
	journal = "Computer Networks",
	year = "1978",
	volume = "2",
	number = "",
	pages = "361--372"
}

@Book{ BosGre:07,
	author = "T. Bossomaier and D.G. Green",
	title = "Complex Systems",
	publisher = "Cambridge University Press",
	year = "2007"
}

@InProceedings{BraDijSwi:15,
	author = {J. Bransen and A. Dijkstra and S.D. Swierstra},
	title = {Incremental evaluation of higher order attributes},
	booktitle = {Proceedings of the 2015 Workshop on Partial Evaluation and Program Manipulation PEPM '15},
	year = {2015},
	isbn = {978-1-4503-3297-2},
	location = {Mumbai, India},
	pages = {39--48},
	publisher = {ACM},
	address = {New York, NY, USA}
}

@Article{ BraHey:93,
	author = "H. Brave and M. Heymann",
	title = "Control of discrete event sysytems modeled as hierarchical state machines",
	journal = "IEEE Transactions on Automatic Control",
	year = "1993",
	volume = "38",
	number = "12",
	pages = "1803--1819"
}

@Article{ BraZaf:83,
	author = "D. Brand and P. Zafiropulo",
	title = "On communicating finite-state machines",
	journal = "Journal of ACM",
	year = "1983",
	volume = "30",
	number = "2",
	pages = "323--342"
}

@InCollection{ Brz:62,
	author = "J.A. Brzozowski",
	title = "Canonical regular expressions and minimal state graphs for definite events",
	booktitle = "Mathematical Theory of Automata",
	publisher = "Press of Polytechnic Inst. of Brooklyn",
	address = "Brooklyn, NY",
	year = "1962",
	pages = "529--561",
	note = "Volume 12 of MRI Symposia Series",
}

@Article{ BruConTerThe:98,
	author = "V. Brusoni and L. Console and P. Terenziani and D. Theseider~Dupr{\'e}",
	title = "A spectrum of definitions for temporal model-based diagnosis",
	journal = "Artificial Intelligence",
	year = "1998",
	volume = "102",
	number = "1",
	pages = "39--80"
}

@InProceedings{ Bub:11, 
	author = "J. Bubenzer",
	booktitle = "Proceedings of the Prague Stringology Conference 2011",
	title = "Minimization of acyclic {DFA}s",
	publisher = "Prague Stringology Club, Prague, Czech Republic",
	address = "Prague, Czech Republic",
	year = "2011",
	month = "29--31 August",
	pages = "132--146",
	isbn = "978-80-01-04870-2"
}

@Article{ BulParPauStaHav:10,
	author = "S.V. Buldyrev and R. Parshani and G. Paul and H.E. Stanley and S. Havlin",
	title = "Catastrophic cascade of failures in interdependent networks",
	journal = "Nature",
	volume = "464",
	pages = "1025--1028",
}

@Article{ BylAllTanJos:91,
	author = "T. Bylander and D. Allemang and M. Tanner and J. Josephson",
	title = "The computational complexity of abduction",
	journal = "Artificial Intelligence",
	year = "1991",
	volume = "49",
	number = "1--3",
	pages = "25--60"
}

@InProceedings{ CacCerCreGotLamLavTanZic:89,
	author = "F. Cacace and S. Ceri and S. Crespi-Reghizzi and G. Gottlob and G. Lamperti and L. Lavazza and L. Tanca and R. Zicari",
	title = "An extended relational database system for the specification and prototyping of complex applications",
	booktitle = "First Nordic Conference on Advanced System Engineering",
	address = "Kista, Sweden",
	year = "1989"
}

@Book{ CacLam:97,
	author = "F. Cacace and G. Lamperti",
	title = "Advanced Relational Programming",
	series = "Mathematics and Its Applications",
	volume = "371",
	publisher = "Kluwer Academic Publishers",
	address = "Dordrecht, Netherlands",
	year = "1997"
}

@InCollection{ Car:92,
	author = "P. Cariani",
	booktitle = "Artificial Life II",
	title = "Emergence and Artificial Life",
	editor = "C. Langton and C. Taylor and J.D. Farmer and S. Rasmussen",
	publisher = "Addison-Wesley",
	series = "SFI Series in the Sciences of Complexity",
	year = "1992",
	pages = "775--797"
}

@Article{ CarDacFor:09,
	author = {R.C. Carrasco and J. Daciuk and M.L. Forcada},
	title = {Incremental construction of minimal tree automata},
	journal = {Algorithmica},
	year = {2009},
	volume = {55},
	number = {1},
	pages = {95--110}
}

@Article{ CarFor:02,
	author = "R.C. Carrasco and M.L. Forcada",
	title = "Incremental construction and maintenance of minimal finite-state automata",
	journal = "Computational Linguistics",
	year = "2002",
	volume = "28",
	number = "2",
	pages = "207--216"
}

@Book{ CasLaf:99,
	author = "C.G. Cassandras and S. Lafortune",
	title = "Introduction to Discrete Event Systems",
	series = "The Kluwer International Series in Discrete Event Dynamic Systems",
	volume = "11",
	publisher = "Kluwer Academic Publishers",
	address = "Boston, MA",
	year = "1999"
}

@Book{ CasLaf:08,
	author = "C.G. Cassandras and S. Lafortune",
	title = "Introduction to Discrete Event Systems",
	edition = "second",
	publisher = "Springer Science+Business Media, LLC",
	address = "New York, NY",
	year = "2008"
}

@InCollection{ CerCreGotLamLavTanZic:88,
	author = "S. Ceri and S. Crespi-Reghizzi and G. Gottlob and G. Lamperti and L. Lavazza and L. Tanca and R. Zicari",
	booktitle = "EDBT'88 Proceedings of the International Conference on Extending Database Technology: Advances in Database Technology",
	title = "The Algres project",
	editor = "J.W. Schmidt and S. Ceri and M. Missikoff",
	publisher = "Springer-Verlag",
	series = "LNCS",
	volume = "303",
	address = "London, United Kingdom",
	year = "1988",
	pages = "551--555",
	isbn = "3-540-19074-0"
}

@Article{ CerCreLamLavZic:90,
	author = "S. Ceri and S. Crespi-Reghizzi and G. Lamperti and L. Lavazza and R. Zicari",
	title = "{Algres}: an advanced database system for complex applications",
	journal = "IEEE-Software",
	year = "1990",
	volume = "7",
	number = "4",
	pages = "68--78"
}

@InCollection{ CerCreLamLavMilRivZic:92,
	author = "S. Ceri and S. Crespi-Reghizzi and G. Lamperti and L. Lavazza and D. Milani and M. Riva and R. Zicari",
	booktitle = "Conceptual Modeling, Databases, and Case, An Integrated View of Information Systems Development",
	title = "{Interfacing} the {C} programming language with {Algres}, an extended relational system: towards advanced information systems prototyping environments",
	editor = "P. Loucopoulos and R.Zicari",
	publisher = "J.Wiley \& Sons",
	address = "New York, NY",
	year = "1992",
	pages = "223--245",
	isbn = "978-0471554622"
}

@Article{ CerLamScaZanZan:06,
	author = "S. Cerutti and G. Lamperti and M. Scaroni and M. Zanella and D. Zanni",
	title = "A diagnostic environment for automaton networks",
	journal = "Software -- Practice and Experience",
	year = "2007",
	volume = "37",
	number = "4",
	pages = "365--415",
	note = "DOI: 10.1002/spe.773"
}

@Article{ ChaCouPar:05,
	author = "J-M. Champarnaud and F. Coulon and T. Parantho{\"e}n",
	title = "Brute force determinization of {NFA}s by means of state covers",
	journal = "International Journal of Foundations of Computer Science",
	year = "2005",
	volume = "16",
	number = "3",
	pages = "441--451"
}

@InProceedings{ ChaDauVikCog:96,
	author = "M.J. Chantler and S. Daus and T. Vikatos and G.M. Coghill",
	title = "The use of quantitative dynamic models and dependency recording for diagnosis",
	booktitle = "Seventh International Workshop on Principles of Diagnosis DX'96",
	address = "Montreal, CA",
	year = "1996"
}

@Article{ Che:76,
	author = "P.P. Chen",
	title = "The entity-relationship model: toward a unified view of data",
	journal = "IEEE Transactions on Database Systems",
	year = "1976",
	volume = "1",
	number = "1",
	pages = "9--36"
}

@Article{ CheLiZhaHeZha:07,
	author = "P. Chen and J. Li and J. Zhao and L. He and Z. Zhang",
	title = "Differential dependence on DNA ligase of type II restriction enzymes: A practical way toward ligase-free DNA automaton",
	journal = "Biochemical and Biophysical Research Communications",
	year = "2007",
	volume = "353",
	number = "3",
	pages = "733--737"
}

@InProceedings{ ChePro:97,
	author = "Y.L. Chen and G. Provan",
	title = "Modeling and diagnosis of timed discrete event systems - A factory automation example",
	booktitle = "American Control Conference",
	address = "Albuquerque, NM",
	year = "1997",
	pages = "31--36"
}

@Article{ ChiRan:04,
	author = "L. Chittaro and R. Ranon",
	title = "Hierarchical model-based diagnosis based on structural abstraction",
	journal = "Artificial Intelligence",
	year = "2004",
	volume = "155",
	number = "1--2",
	pages = "147--182"
}

@Article{ ChiGuiTasTop:93,
	author = "L. Chittaro and G. Guida and C. Tasso and E. Toppano",
	title = "Functional and teleological knowledge in the multi-modeling approach for reasoning about physical systems: a case study in diagnosis",
	journal = "IEEE Transactions on Systems, Man, and Cybernetics",
	year = "1993",
	volume = "23",
	number = "6",
	pages = "1718--1751"
}

@InProceedings{ ChoParLee:94,
	author = "H.-J. Cho and J.-K. Park and H.-J Lee",
	title = "A fuzzy expert system for fault diagnosis of power systems",
	booktitle = "International Conference on Intelligent System Application to Power Systems",
	address = "Montpellier, France",
	year = "1994",
	pages = "217--222"
}

@Article{ Cho:56,
	author = "N. Chomsky",
	title = "Three models for the description of language",
	journal = "Transactions on Information Theory",
	year = "1956",
	volume = "2",
	number = "3",
	pages = "113--124"
}

@Article{ Cod:70,
	author = "E.F. Codd",
	title = "A relational model for large shared data banks",
	journal = "Communications of the ACM",
	year = "1970",
	volume = "13",
	number = "6",
	pages = "377--387"
}

@Book{ CohHav:10,
	author = "R. Cohen and S. Havlin",
	title = "Complex Networks: Structure, Robustness and Function",
	publisher = "Cambridge University Press",
	year = "2010"
}

@InProceedings{ ConPicRib:00-dx,
	author = "L. Console and C. Picardi and M. Ribaudo",
	title = "Diagnosis and diagnosability analysis using process algebras",
	booktitle = "Eleventh International Workshop on Principles of Diagnosis DX'00",
	address = "Morelia, Mexico",
	year = "2000",
	pages = "25--32"
}

@InProceedings{ ConPicRib:00-ecai,
	author = "L. Console and C. Picardi and M. Ribaudo",
	title = "Diagnosis and diagnosability using {PEPA}",
	booktitle = "Fourteenth European Conference on Artificial Intelligence ECAI'2000",
	address = "Berlin, D",
	publisher = "IOS Press, Amsterdam, Netherlands",
	year = "2000",
	pages = "131--135"
}

@Article{ ConPicRib:02-aij,
	author = "L. Console and C. Picardi and M. Ribaudo",
	title = "Process algebras for systems diagnosis",
	journal = "Artificial Intelligence",
	year = "2002",
	volume = "142",
	number = "1",
	pages = "19--51"
}

@InProceedings{ ConPorTheTor:92,
	author = "L. Console and L. Portinale and D. Theseider Dupr{\'e} and P. Torasso",
	title = "Diagnostic reasoning across different time points",
	booktitle = "Eleventh European Conference on Artificial Intelligence ECAI'92",
	address = "Vienna, Austria",
	year = "1992",
	pages = "369--373"
}

@InProceedings{ ConTheTor:89,
	author = "L. Console and D. Theseider~Dupr{\'e} and P. Torasso",
	title = "A theory of diagnosis for incomplete causal models",
	booktitle = "Eleventh International Joint Conference on Artificial Intelligence IJCAI'89",
	address = "Detroit, MI",
	year = "1989",
	pages = "1311--1317"
}

@Article{ ConTor:91,
	author = "L. Console and P. Torasso",
	title = "A spectrum of logical definitions of model-based diagnosis",
	journal = "Computational Intelligence",
	year = "1991",
	volume = "7",
	number = "3",
	pages = "133--141"
}

@Article{ ConTor:91b,
	author = "L. Console and P. Torasso",
	title = "On the co-operation between abductive and temporal reasoning in medical diagnosis",
	journal = "Artificial Intelligence in Medicine",
	year = "1991",
	volume = "3",
	number = "6",
	pages = "291--311"
}

@InProceedings{ CorDou:00,
	author = "M.O. Cordier and C. Dousson",
	title = "Alarm driven monitoring based on chronicles",
	booktitle = "Fourth IFAC Symposium on Fault Detection, Supervision and Safety for Technical Processes SAFEPROCESS'2000",
	address = "Budapest, Hungary",
	year = "2000",
	pages = "286--291"
}

@InProceedings{ CorGra:07,
	author = "M.O. Cordier and A. Grastien",
	title = "Exploiting independence in a decentralised and incremental approach of diagnosis",
	booktitle = "20th International Joint Conference on Artificial Intelligence -- IJCAI'07",
	address = "Hyderabad, India",
	year = "2007",
	pages = "292--297"
}

@InProceedings{ CorGraLarPen:03,
	author = {M.O. Cordier and A. Grastien and C. Largou{\"e}t and Y. Pencol{\'e}},
	title = "Efficient trajectories computing exploiting inversibility properties",
	booktitle = "Fourteenth International Workshop on Principles of Diagnosis --DX'03",
	address = "Washington DC",
	year = "2003",
	pages = "93--98"
}

@InProceedings{ CorLar:01,
	author = {M.O. Cordier and C. Largou{\"e}t},
	title = "Using model-checking techniques for diagnosing discrete-event systems",
	booktitle = "Twelfth International Workshop on Principles of Diagnosis DX'01",
	address = "San Sicario, Italy",
	year = "2001",
	pages = "39--46"
}

@Book{ CorLeiRivSte:10,
	author = "T.H. Cormen and C.E. Leiserson and R.L. Rivest and C. Stein",
	title = "Introduction to Algorithms",
	edition = "third",
	publisher = "McGraw-Hill",
	year = "2010"
}

@InProceedings{ CorThi:94,
	author = "M.O. Cordier and S. Thi{\'e}baux",
	title = "Event-based diagnosis for evolutive systems",
	booktitle = "Fifth International Workshop on Principles of Diagnosis DX'94",
	address = "New Paltz, NY",
	year = "1994",
	pages = "64--69"
}

@InProceedings{ CorThiJehKri:97,
	author = "M.O. Cordier and S. Thi{\'e}baux and O. Jehl and J.P. Krivine",
	title = "Supply restoration in power distribution systems: a reference problem in diagnosis and reconfiguration",
	booktitle = "Eighth International Workshop on Principles of Diagnosis DX'97",
	address = "Le Mont Saint Michel, France",
	year = "1997"
}

@Article{ Chu:11,
	author = "D. Chu",
	title = "Complexity: against systems",
	journal = "Theory in Bioscience",
	publisher = "Springer-Verlag",
	year = "2011",
	volume = "130",
	number = "3",
	pages = "229--245"
}

@PhDThesis{ Dac:98,
	author = "J. Daciuk",
	title = "Incremental construction of finite-state automata and transducers, and their use in the natural language processing",
	year = "1998",
	school = "University of Gdansk, Poland"
}

@InCollection{ Dac:04,
	author = "J. Daciuk",
	booktitle = "Intelligent Information Processing and Web Mining",
	title = "Semi-incremental addition of strings to a cyclic finite automaton",
	editor = "M.A. Klopotek and S. Wierzchon and K. Trojanowski",
	publisher = "Springer, Berlin Heidelberg",
	series = "Advances in Soft Computing",
	volume = "25",
	year = "2004",
	pages = "201--207"
}

@Misc{ Dac:toolkit,
	author = "J. Daciuk",
	title = "Software packages for finite state automata",
	note = "{ftp://ftp.pg.gda.pl/pub/software/xtras-PG/fsa/}"
}

@InCollection{ DacMauSav:05,
	author = "J. Daciuk and D. Maurel and A. Savary",
	booktitle = "Advances in Soft Computing",
	title = "Dynamic perfect hashing with finite-state automata",
	editor = "M.A. Klopotek and S. Wierzchon and K. Trojanowski",
	publisher = "Springer",
	year = "2005"
}

@Article{ DacMihWatWat:00,
	author = "J. Daciuk and S. Mihov and B.W. Watson and R.E. Watson",
	title = "Incremental construction of minimal acyclic finite state automata",
	journal = "Computational Linguistics",
	year = "2000",
	volume = "26",
	number = "1",
	pages = "3--16"
}

@InProceedings{ DacWatWat:98,
	author = "J. Daciuk and B.W. Watson and R.E. Watson",
	booktitle = "Proceedings of FSMNLP'98",
	title = "Incremental construction of minimal acyclic finite state automata and transducers",
	publisher = "Bilkent University, Ankara, Turkey",
	address = "Ankara, Turkey",
	month = "June 30 -- July 1",
	year = "1998",
	pages = "48--56"
}

@Article{ Dav:75,
	author = "D. Davies",
	title = "Earthquake prediction in {China}",
	journal = "Nature",
	year = "1975",
	volume = "258",
	pages = "286--287"
}

@Article{ Dav:84,
	author = "R. Davis",
	title = "Diagnostic reasoning based on structure and behavior",
	journal = "Artificial Intelligence",
	year = "1984",
	volume = "24",
	number = "1",
	pages = "347--410"
}

@Article{ Dav:93,
	author = "R. Davis",
	title = "Retrospective on `diagnostic reasoning based on structure and behavior'",
	journal = "Artificial Intelligence",
	year = "1993",
	volume = "59",
	number = "1--2",
	pages = "149--157"
}

@Article{ DebCamBiaCarAlc:11,
	author = "D. Debanne and E. Campanac and A. Bialowas and E. Carlier and G. Alcaraz",
	title = "Axon physiology",
	journal = "Physiological reviews",
	year = "2011",
	volume = "91",
	number = "2",
	pages = "555--602"
}

@Article{ DebLafTen:00a,
	author = "R. Debouk and S. Lafortune and D. Teneketzis",
	title = "Coordinated decentralized protocols for failure diagnosis of discrete-event systems",
	journal = "Journal of Discrete Event Dynamic Systems: Theory and Applications",
	year = "2000",
	volume = "10",
	number = "1--2",
	pages = "33--86"
}

@InProceedings{ DebLafTen:00b,
	author = "R. Debouk and S. Lafortune and D. Teneketzis",
	title = "A diagnostic protocol for discrete-event systems with decentralized information",
	booktitle = "Eleventh International Workshop on Principles of Diagnosis DX'00",
	address = "Morelia, Mexico",
	year = "2000",
	pages = "41--48"
}

@Article{ DebLafTen:03,
	author = "R. Debouk and S. Lafortune and D. Teneketzis",
	title = "On the effect of communication delays in failure diagnosis of decentralized discrete event systems",
	journal = "Journal of Discrete Event Dynamic Systems: Theory and Applications",
	year = "2003",
	volume = "13",
	number = "3",
	pages = "263--289"
}

@InProceedings{ DreFre:94,
	author = "O. Dressler and H. Freitag",
	title = "Prediction sharing across time and contexts",
	booktitle = "Twelfth National Conference on Artificial Intelligence AAAI'94",
	address = "Seattle, WA",
	year = "1994",
	pages = "1136--1141"
}

@InProceedings{ DucLamPiaZan:07-dx,
	author = "A. Ducoli and G. Lamperti and E. Piantoni and M. Zanella",
	title = "Coverage techniques for checking temporal-observation subsumption",
	booktitle = "Eighteenth International Workshop on Principles of Diagnosis DX'07",
	address = "Nashville, TN",
	year = "2007",
	pages = "59--66"
}

@InProceedings{ DucLamPiaZan:09-dx,
	author = "G. Lamperti and A. Ducoli and E. Piantoni and M. Zanella",
	title = "Circular pruning for lazy diagnosis of active systems",
	booktitle = "20th International Workshop on Principles of Diagnosis DX'09",
	address = "Stockholm, Sweden",
	year = "2009",
	pages = "251--258"
}

@InProceedings{ DucLamPiaZan:09-safeprocess,
	author = "A. Ducoli and G. Lamperti and E. Piantoni and M. Zanella",
	title = "Lazy diagnosis of active systems via pruning techniques",
	booktitle = "Seventh IFAC Symposium on Fault Detection, Supervision and Safety for Technical Processes SAFEPROCESS'2009",
	address = "Barcelona, Spain",
	year = "2009",
	pages = "1336--1341"
}

@PhDThesis{ Dvo:92,
	author = "D.L. Dvorak",
	title = "Monitoring and diagnosis of continuous dynamic systems using semiquantitative simulation",
	year = "1992",
	school = "University of Texas at Austin, TX"
}

@InProceedings{ DvoKui:89,
	author = "D.L. Dvorak and B. Kuipers",
	title = "Model-based monitoring of dynamic systems",
	booktitle = "Eleventh International Joint Conference on Artificial Intelligence IJCAI'89",
	address = "Detroit, MI",
	year = "1989",
	pages = "1238--1243"
}

@InCollection{ DvoKui:92,
	author = "D.L. Dvorak and B.J. Kuipers",
	booktitle = "Readings in Model-Based Diagnosis",
	title = "Model-based monitoring of dynamic systems",
	editor = "W. Hamscher and L. Console and J. de Kleer",
	publisher = "Morgan Kaufmann",
	year = "1992"
}

@Article{ EifYevBoc:04,
	author = {K. EI-Fakih and N. Yevtushenko and Gv. Bochmann},
	title = {{FSM}-based incremental conformance testing methods},
	journal = {IEEE Transactions on Software Engineering},
	year = {2004},
	volume = {30},
	number = {7},
	pages = {425--436}
}

@InProceedings{ ElFPro:97,
	author = "Y. El Fattah and G. Provan",
	title = "Modeling temporal behavior in the model-based diagnosis of discrete-event systems (a preliminary note)",
	booktitle = "Eighth International Workshop on Principles of Diagnosis DX'97",
	address = "Mont St. Michel, France",
	year = "1997"
}

@Book{ ElmNav:94,
	author = "R. Elmasri and S.B. Navathe",
	title = "Fundamentals of Database Systems",
	publisher = "Benjamin-Cummings",
	year = "1994"
}

@Misc{ Esp:95,
	author = "Esprit Project 6862",
	title = "Real-time situation assessment of dynamic, hard to measure systems",
	note = "Tiger Final Report D120.36",
	year = "1995"
}

@Article{ Eva:97,
	author = "R. Evans",
	title = "Assessment of schemes for earthquake prediction: Editor's introduction",
	journal = "Assessment of schemes for earthquake prediction: Editor's introduction",
	year = "1997",
	volume = "131",
	number = "3",
	pages = "413--420"
}

@Article{ FabBenHarJar:05,
	author = "E. Fabre and A. Benveniste and S. Haar and C. Jard",
	title = "Distributed monitoring of concurrent and asynchronous systems",
	journal = "Journal of Discrete Event Dynamic Systems",
	year = "2005",
	volume = "15",
	number = "1",
	pages = "33--84"
}

@InCollection{ FinLabMay:97,
	author = "T. Finin and Y. Labrou and J. Mayfield",
	booktitle = "Software Agents",
	title = "{KQML} as an agent communication language",
	editor = "J.M. Bradshaw",
	publisher = "AAAI Press/MIT Press",
	year = "1997",
	pages = "291--317"
}

@Book{ Fog:95,
	author = "D.B. Fogel",
	title = "Evolutionary Computation: Toward a New Philosophy of Machine Intelligence",
	publisher = " IEEE Press",
	year = "1995"
}

@Article{ For:84,
	author = "K.D. Forbus",
	title = "Qualitative process theory",
	journal = "Artificial Intelligence",
	year = "1984",
	volume = "24",
	number = "1",
	pages = "85--168"
}

@InProceedings{ ForLun:99,
	author = {D. F{\"o}rstner and J. Lunze},
	title = "Qualitative modelling of a power stage for diagnosis",
	booktitle = "Thirteenth International Workshop on Qualitative Reasoning -- QR'99",
	address = "Lock Awe, United Kingdom",
	year = "1999",
	pages = "105--112"
}

@InProceedings{ ForLun:00,
	author = {D. F{\"o}rstner and J. Lunze},
	title = "Qualitative model-based fault detection of a fuel injection system",
	booktitle = "Fourth IFAC Symposium on Fault Detection, Supervision and Safety for Technical Processes SAFEPROCESS'2000",
	address = "Budapest, Hungary",
	year = "2000",
	pages = "88--93"
}

@Article{ Fra:96,
	author = "P.M. Frank",
	title = "Analytical and qualitative model-based fault diagnosis -- A survey and some new results",
	journal = "European Journal of Control",
	year = "1996",
	volume = "2",
	pages = "6--28"
}

@Book{ Fri:06,
	author = "J.E.F. Friedl",
	title = "Mastering Regular Expressions",
	edition = "3rd",
	publisher = "O'Reilly Media",
	address = "Sebastopol, CA",
	year = "2006"
}

@InProceedings{ FriLac:91,
	author = "G. Friedrich and F. Lackinger",
	title = "Diagnosing temporal misbehavior",
	booktitle = "Twelfth International Joint Conference on Artificial Intelligence IJCAI'91",
	address = "Sydney, Australia",
	year = "1991",
	pages = "1116--1122"
}

@InProceedings{ GarLamZan:02-dx,
	author = "R. Garatti and G. Lamperti and M. Zanella",
	booktitle = "Thirteenth International Workshop on Principles of Diagnosis DX'02",
	title = "Far-sighted diagnosis of active systems",
	address = "Semmering, Austria",
	year = "2002",
	pages = "137--145"
}

@InCollection{ GarLamZan:02-ecai,
	author = "R. Garatti and G. Lamperti and M. Zanella",
	booktitle = "ECAI 2002. Proceedings of the 15th European Conference on Artificial Intelligence",
	title = "Diagnosis of discrete-event systems with model-based prospection knowledge",
	editor = "F. van Harmelen",
	publisher = "IOS Press",
	address = "Amsterdam, Netherlands",
	year = "2002",
	pages = "427--431"
}

@Article{ GasSim:13,
	author = "E. Gascard and Z. Simeu-Abazi",
	title = "Modular modeling for the diagnostic of complex discrete-event systems",
	journal = "IEEE Transactions on Automation Science and Engineering",
	year = "2013",
	volume = "10",
	number = "4",
	pages = "1101--1123"
}

@InCollection{ Gel:02,
	author = "M. Gell-Mann",
	booktitle = "Complexity and Industrial Clusters",
	title = "What is complexity?",
	editor = "A. Quadrio Curzio and M. Fortis",
	publisher = "Springer",
	year = "2002",
	pages = "13--24"
}

@Article{ Gen:84,
	author = "M.R. Genesereth",
	title = "The use of design descriptions in automated diagnosis",
	journal = "Artificial Intelligence",
	year = "1984",
	volume = "24",
	pages = "411--436"
}

@Book{ GidDunApp:07,
	author = "A. Giddens and M. Duneier and R. Applebaum",
	title = "Introduction to Sociology",
	publisher = "W.W. Norton and Company",
	edition = "6th",
	year = "2007"
}

@InProceedings{ GilHil:94,
	author = "S. Gilmore and J. Hillston",
	title = "The {PEPA} workbench: a tool to support a Process Algebra based approach to performance modelling",
	booktitle = "Seventh International Conference on Modeling Techniques and Tools for Computer Performance Evaluation",
	year = "1994",
	series = "LNCS 794"
}

@Book{ GheJazMan:91,
	author = "C. Ghezzi and M. Jazayeri and D. Mandrioli",
	title = "Fundamentals of Software Engineering",
	publisher = "Prentice-Hall",
	address = "Englewood Cliffs, NJ",
	year = "1991"
}

@article{ GheMan:80,
	author = "C. Ghezzi and D. Mandrioli",
	title = "Augmenting parsers to support incrementality",
	journal = "Journal of ACM",
	volume = "27",
	number = "3",
	year = "1980",
	pages = "564--579"
}

@InProceedings{ GirDid:98,
	author = "E. Girardelli and F. Did{\'o}",
	title = "Diagnostic from system models: the ADAM expert system approach",
	booktitle = "Twentyfirst International Council of the Aeronautical Sciences -- ICAS'98",
	address = "Melbourne, Australia",
	year = "1998"
}

@Book{ GolMar:14,
	author = {E. Goles and S. Martinez},
	title = "Complex Systems",
	publisher = "Springer-Verlag",
	year = "2014"
}

@Article{ GonMorMcKCarGan:96,
	author = "A. J. Gonzalez and R. A. Morris and F. D. McKenzie and D. J. Carreira and B. K. Gann",
	title = "Model-based, real-time control of electrical power systems",
	journal = "IEEE Transactions on Systems, Man, and Cybernetics -- Part A: Systems and Humans",
	year = "1996",
	volume = "26",
	number = "4",
	pages = "470--482"
}

@InProceedings{ GraAnbRinKel:07,
	author = "A. Grastien and Anbulagan and J. Rintanen and E. Kelareva",
	title = "Modeling and solving diagnosis of discrete-event systems via satisfiability",
	booktitle = "Eighteenth International Workshop on Principles of Diagnosis DX'07",
	address = "Nashville, TN",
	year = "2007",
	pages = "114--121"
}

@InProceedings{ GraCorLar:04,
	author = {A. Grastien and M.O. Cordier and C. Largou{\"e}t},
	title = "Extending decentralized discrete-event modelling to diagnose reconfigurable systems",
	booktitle = "Fifteenth International Workshop on Principles of Diagnosis --DX'04",
	address = "Carcassonne, France",
	year = "2004",
	pages = "75--80"
}

@InProceedings{ GraCorLar:05,
	author = {A. Grastien and M.O. Cordier and C. Largou{\"e}t},
	title = "Incremental diagnosis of discrete-event systems",
	booktitle = "Sixteenth International Workshop on Principles of Diagnosis DX'05",
	address = "Monterey, CA",
	year = "2005",
	pages = "119--124"
}

@InProceedings{ GraHasThi:11,
	author = {A. Grastien and P. Haslum and S. Thi{\'e}baux},
	title = "Exhaustive diagnosis of discrete event systems through exploration of the hypothesis space",
	booktitle = "22nd International Workshop on Principles of Diagnosis -- DX'11",
	address = "Murnau, Germany",
	year = "2011",
	pages = "60--67"
}

@InProceedings{ GraHasThi:12,
	author = {A. Grastien and P. Haslum and S. Thi{\'e}baux},
	title = "Conflict-based diagnosis of discrete event systems: theory and practice",
	booktitle = "Thirteenth International Conference on Knowledge Representation and Reasoning -- KR 2012",
	address = "Rome, Italy",
	publisher = "Association for the Advancement of Artificial Intelligence",
	year = "2012",
	pages = "489--499"
}

@Article{ GreGupMikOniSuc:04,
	author = "T.J. Green and A. Gupta and G. Miklau and M. Onizuka and D. Suciu",
	title = "Processing {XML} streams with deterministic automata and stream indexes",
	journal = "ACM Transactions on Database Systems",
	year = "2004",
	volume = "29",
	number = "4",
	pages = "752--788"
}

@InProceedings{ GucSch:90,
	author = {Guckenbiehl and Sch{\"a}fer-Richter},
	title = "SIDIA: Extending prediction based diagnosis to dynamic models",
	booktitle = "First International Workshop on Principles of Diagnosis",
	address = "Stanford, CA",
	year = "1990",
	pages = "74--82"
}

@InCollection{ GuiZan:95,
	author = "G. Guida and M. Zanella",
	booktitle = "Topics in Artificial Intelligence",
	title = "Preventive Diagnosis: Definition and Logical Model",
	editor = "M. Gori and G. Soda",
	publisher = "Springer-Verlag, Berlin Heidelberg",
	year = "1995",
	pages = "347--352"
}

@InProceedings{ GuiLamZan:97,
	author = "G. Guida and G. Lamperti and M. Zanella",
	title = "Preventive diagnosis: A task for predicting faults",
	booktitle = "Third IFAC Symposium on Fault Detection, Supervision and Safety for Technical Processes SAFEPROCESS'97",
	address = "Hull, United Kingdom",
	year = "1997",
	pages = "1159--1164"
}

@Book{ GuiLamZan:99-book,
	author = "G. Guida and G. Lamperti and M. Zanella",
	title = "Software Prototyping in Data and Knowledge Engineering",
	series = "Mathematics and Its Applications",
	volume = "497",
	publisher = "Kluwer Academic Publishers",
	address = "Dordrecht, Netherlands",
	year = "1999"
}

@Article{ GuiLam:00-tsmc,
	author = "G. Guida and G. Lamperti",
	title = "{AMMETH}: A methodology for requirements analysis of advanced human-system interfaces",
	journal = "IEEE Transactions on Systems, Man, and Cybernetics -- Part A: Systems and Humans",
	year = "2000",
	volume = "30",
	number = "3",
	pages = "298--321"
}

@Article{ Ham:91,
	author = "W. Hamscher",
	title = "Modeling digital circuits for troubleshooting",
	journal = "Artificial Intelligence",
	year = "1991",
	volume = "51",
	number = "1-3",
	pages = "223--271"
}

@Book{ HamConDek:92,
	editor = "W. Hamscher and L. Console and J. de Kleer",
	title = "Readings in Model-Based Diagnosis",
	publisher = "Morgan Kaufmann",
	address = "San Mateo, CA",
	year = "1992"
}

@InProceedings{ HamDav:84,
	author = "W. Hamscher and R. Davis",
	title = "Diagnosing circuits with state: an inherently underconstrained problem",
	booktitle = "Fourth National Conference on Artificial Intelligence AAAI'84",
	address = "Austin, TX",
	year = "1984",
	pages = "142--147"
}

@Book{ Han:06,
	author = "C. Handy",
	title = "Understanding Organizations",
	publisher = "Penguin Books",
	edition = "4th",
	year = "2006"
}

@Article{ Har:87,
	author = "D. Harel",
	title = "Statecharts: a visual formalism for complex systems",
	journal = "Science of Computer Programming",
	year = "1987",
	volume = "8",
	number = "3",
	pages = "231--274"
}

@article{ HarLacNaaPnuPolSheShtTra:90,
	author = {D. Harel and H. Lachover and A. Naamad and A. Pnueli and M. Politi and R. Sherman and A. Shtull-Trauring and M. Trakhtenbrot},
	title = {{STATEMATE}: a working environment for the development of complex reactive systems},
	journal = {IEEE Transactions on Software Engineering},
	volume = {16},
	number = {4},
	year = {1990},
	pages = {403--414}
}

@InProceedings{ HavStuWot:00,
	author = "T. Havelka and M. Stumptner and F. Wotawa",
	title = "{AD2L} -- A programming language for model-based systems (Preliminary Report)",
	booktitle = "Eleventh International Workshop on Principles of Diagnosis DX'00",
	address = "Morelia, Mexico",
	year = "2000",
	pages = "65--73"
}

@InProceedings{ HecLaeWoe:98,
	author = "F. Heck and T. Laengle and H. Woern",
	title = "A multi-agent based monitoring and diagnosis system for industrial components",
	booktitle = "Ninth International Workshop on Principles of Diagnosis DX'98",
	address = "Cape Cod, MA",
	year = "1998",
	pages = "63--69"
}

@article{ HeeKliRek:90,
	author = {J. Heering and P. Klint and J. Rekers},
	title = {Incremental generation of parsers},
	journal = {IEEE Transactions on Software Engineering},
	volume = {16},
	number = {12},
	year = {1990},
	pages = {1344--1351}
}

@article{ HeeKliRek:92,
	author = {J. Heering and P. Klint and J. Rekers},
	title = {Incremental generation of lexical scanners},
	journal = {ACM Transactions on Programming Languages and Systems},
	volume = {14},
	number = {4},
	year = {1992},
	pages = {490--520}
} 

@article{ HeeKliRek:94,
	author = "J. Heering and P. Klint and J. Rekers",
	title = "Lazy and incremental program generation",
	journal = "ACM Transactions on Programming  Languages and Systems",
	volume = "16",
	number = "3",
	year = "1994",
	pages = "1010--1023"
} 

@Book{ Hil:96,
	author = "J. Hillston",
	title = "A compositional approach to performance modelling",
	publisher = "Cambridge University Press",
	year = "1996"
}

@InProceedings{ HolCha:94,
	author = "L. Holloway and S. Chand",
	title = "Time templates for discrete event fault monitoring in manufacturing systems",
	booktitle = "American Control Conference",
	address = "Baltimore, MD",
	year = "1994",
	pages = "701--706"
}

@InCollection{ Hop:71,
	author = "J.E. Hopcroft",
	booktitle = "The Theory of Machines and Computations",
	title = "An n log n algorithm for minimizing states in a finite automaton",
	editor = "Z. Kohave",
	publisher = "Academic Press",
	address = "New York, NY",
	year = "1971",
	pages = "189--196"
}

@Book{ HopUll:79,
	author = "J.E. Hopcroft and J.D. Ullman",
	title = "Introduction to Automata Theory",
	publisher = "Addison-Wesley",
	address = "Reading, MA",
	year = "1979"
}

@Book{ HopMotUll:00,
	author = "J.E. Hopcroft and R. Motwani and J.D. Ullman",
	title = "Introduction to Automata Theory, Languages, and Computation",
	publisher = "Addison-Wesley",
	address = "Reading, MA",
	year = "2000"
}

@Book{ HopMotUll:06,
	author = "J.E. Hopcroft and R. Motwani and J.D. Ullman",
	title = "Introduction to Automata Theory, Languages, and Computation",
	edition = "third",
	publisher = "Addison-Wesley",
	address = "Reading, MA",
	year = "2006"
}

@Article{ HubSteLyoSvi:11,
	author = {A. H\"{u}bler and C. Spephenson and D. Lyon and R. Swindeman},
	title = "Fabrication and programming of large physicall evolving networks",
	journal = "Complexity",
	publisher = "Wiley",
	year = "2011",
	volume = "16",
	number = "5",
	pages = "7-8"
}

@Misc{ Hul:toolkit,
	author = "M. Hulden",
	title = "Foma: a finite-state toolkit",
	note = "{http://foma.googlecode.com/}"
}

@InProceedings{ IdgZad:04,
	author = "A.M. Idghamishi and S.H. Zad",
	title = "Fault diagnosis in hierarchical discrete-event systems",
	booktitle = "43rd IEEE Conference on Decision and Control",
	address = "Paradise Island, Bahamas",
	year = "2004",
	pages = "63--68"
}

@Book{ Isa:08,
	author = "W. Isaacson",
	title = "Einstein: His Life and Universe",
	publisher = "Simon \& Shuster",
	address = "New York, NY",
	year = "2008"
}

@Article{ Ise:97,
	author = "R. Isermann",
	title = "Supervision, fault detection and fault-diagnosis methods -- An introduction",
	journal = "Control Engineering Practice",
	year = "1997",
	volume = "5",
	number = "5",
	pages = "639--652"
}

@InProceedings{ IwaFarFikRic:97,
	author = "Y. Iwasaki and A. Farquhar and R. Fikes and J. Rice",
	title = "A web-based compositional modeling system for sharing of physical knowledge",
	booktitle = "Fifteenth International Joint Conference on Artificial Intelligence IJCAI'97",
	address = "Nagoya, Japan",
	year = "1997",
	pages = "494--500"
}

@Article{ IwaSim:86a,
	author = "Y. Iwasaki and H.A. Simon",
	title = "Causality in device behavior",
	journal = "Artificial Intelligence",
	year = "1986",
	volume = "29",
	pages = "3--32"
}

@Article{ IwaSim:86b,
	author = "Y. Iwasaki and H.A. Simon",
	title = "Theories of casual ordering: reply to de Kleer and Brown",
	journal = "Artificial Intelligence",
	year = "1986",
	volume = "29",
	pages = "63--72"
}

@InProceedings{ JerMarPinCor:06,
	author = "T. J{\'e}ron and H. Marchand and S. Pinchinat and M.O. Cordier",
	title = "Supervision patterns in discrete event systems diagnosis",
	booktitle = "Seventeenth International Workshop on Principles of Diagnosis DX'06",
	address = "Pe{\~n}aranda de Duero, Spain",
	year = "2006",
	pages = "117--124"
}

@PhDThesis{ Job:14,
	author = {E. J\"{o}bstl},
	title = "Model-based mutation testing with constraint and SMT solvers",
	year = "2014",
	school = "Institute for Software Technology, Graz University of Technology, Austria"
}

@Book{ Joh:08,
	author = "R. Johnsonbaugh",
	title = "Discrete Mathematics",
	publisher = "Prentice Hall",
	edition = "7th",
	year = "2008"
}

@Book{ Joh:02,
	author = "S. Johnson",
	title = "Emergence: The Connected Lives of Ants, Brains, Cities, and Software",
	publisher = "Scribner",
	year = "2002"
}

@Book{ KanSchJes:12,
	author = "E.R. Kandel and J.H. Shwartz and T.M. Jessel",
	title = "Principles of Neural Science",
	edition = "5th",
	publisher = "McGraw-Hill",
	year = "2012"
}

@Book{ KanTsu:13,
	author = "K. Kaneko and I. Tsuda",
	title = "Complex Systems: Chaos and Beyond: a Constructive Approach with Applications in Life",
	publisher = "Springer-Verlag",
	year = "2013"
}

@Article{ KarKosNoo:03,
	author = "L. Karttunen and K. Koskenniemi and G. van Noord",
	title = "Special issue: Finite state methods in natural language processing",
	journal = "Natural Language Engineering",
	year = "2003",
	volume = "9",
	number = "1"
}

@InProceedings{ KezRikSob:94,
	author = "M. Kezunovic and I. Rikalo and D.J. Sobajic",
	title = "Neural network applications to real-time and off-line fault analysis",
	booktitle = "International Conference on Intelligent System Application to Power Systems",
	address = "Montpellier, France",
	year = "1994",
	pages = "29--36"
}

@Book{ Kha:01,
	author = "H. Khalil",
	title = "Nonlinear Systems",
	publisher = "Prentice Hall",
	year = "2001"
}

@Misc{ Kle:76,
	author = "J. de Kleer",
	title = "Local methods for localizing faults in electronic circuits",
	note = "Memo 394, MIT Artificial Intelligence Lab, Cambridge, MA",
	year = "1976"
}

@Article{ Kle:84,
	author = "J. de Kleer",
	title = "How circuits work",
	journal = "Artificial Intelligence",
	year = "1984",
	volume = "24",
	number = "1",
	pages = "205--280"
}

@Article{ Kle:90,
	author = "J. de Kleer",
	title = "Using crude probability estimates to guide diagnosis",
	journal = "Artificial Intelligence",
	year = "1990",
	volume = "45",
	pages = "381--392"
}

@Article{ KleBro:84,
	author = "J. de Kleer and J.S. Brown",
	title = "A qualitative physics based on confluences",
	journal = "Artificial Intelligence",
	year = "1984",
	volume = "24",
	number = "1",
	pages = "7--83"
}

@Article{ KleBro:86,
	author = "J. de Kleer and J.S. Brown",
	title = "Theories of casual ordering",
	journal = "Artificial Intelligence",
	year = "1986",
	volume = "29",
	pages = "33--61"
}

@Article{ KleWil:87,
	author = "J. de Kleer and B.C. Williams",
	title = "Diagnosing multiple faults",
	journal = "Artificial Intelligence",
	year = "1987",
	volume = "32",
	number = "1",
	pages = "97--130"
}

@InProceedings{ KleWil:89,
	author = "J. de Kleer and B.C. Williams",
	title = "Diagnosis with behavioral modes",
	booktitle = "Eleventh International Joint Conference on Artificial Intelligence IJCAI'89",
	address = "Detroit, MI",
	year = "1989",
	pages = "1324--1330"
}

@Article{ Kui:84,
	author = "B.J. Kuipers",
	title = "Commonsense reasoning about causality: Deriving behavior from structure",
	journal = "Artificial Intelligence",
	year = "1984",
	volume = "24",
	number = "1--3",
	pages = "169--204"
}

@InProceedings{ KurNay:00,
	author = "J. Kurien and P.P. Nayak",
	title = "Back to the future for consistency-based trajectory tracking",
	booktitle = "Eleventh International Workshop on Principles of Diagnosis DX'00",
	address = "Morelia, Mexico",
	year = "2000",
	pages = "92--100"
}

@Article{ KwoYon:11,
	author = "R.H. Kwong and D.L. Yonge-Mallo",
	title = "Fault diagnosis in discrete-event systems: incomplete models and learning",
	journal = "IEEE Transactions on Systems, Man, and Cybernetics -- Part B: Cybernetics",
	year = "2011",
	volume = "41",
	number = "1",
	pages = "118-130"
}

@Misc{ India:12,
	title = "{Report of the Enquiry Committee on Grif Disturbance in Northern Region on 30th July 2012 and in Northern, Eastern \& North-Eastern Region on 31st July 2012}",
	note = "http://www.powermin.nic.in/pdf/GRID\_ENQ\_REP\_16\_8\_12.pdf",
	year = "2012"
}

@InProceedings{ LabKri:97,
	author = "P. Laborie and J.P. Krivine",
	title = "Automatic generation of chronicles and its application to alarm processing in power distribution systems",
	booktitle = "Eighth International Workshop on Principles of Diagnosis DX'97",
	address = "Mont St. Michel, France",
	year = "1997"
}

@InProceedings{ KobWot:04,
	author = {D. K{\"o}b and F. Wotawa},
	title = "Introducing alias information into model-based debugging",
	booktitle = "Fifteenth International Workshop on Principles of Diagnosis --DX'04",
	address = "Carcassonne, France",
	year = "2004",
	pages = "93--98"
}

@InProceedings{ LacNej:91,
	author = "F. Lackinger and W. Nejdl",
	title = "Integrating model-based monitoring and diagnosis of complex dynamic systems",
	booktitle = "Twelfth International Joint Conference on Artificial Intelligence IJCAI'91",
	address = "Sydney, Australia",
	year = "1991",
	pages = "2893--2898"
}

@InProceedings{ LafChe:91,
	author = "S. Lafortune and E. Chen",
	title = "A relational algebraic approach to the representation and analysis of discrete-event systems",
	booktitle = "American Control Conference",
	address = "Boston, MA",
	year = "1991"
}

@InCollection{ LamMelZan:01,
	author = "G. Lamperti and M. Melchiori and M. Zanella",
	booktitle = "Multiset Processing -- Mathematical, Computer Science, and Molecular Computing Points of View",
	title = "On multisets in database systems",
	editor = "C.S. Calude and Gh. Paun and G. Rozenberg and A. Salomaa",
	publisher = "Springer-Verlag",
	series = "Lecture Notes in Computer Science",
	volume = "2235",
	address = "Berlin Heidelberg",
	year = "2001",
	pages = "147--215"
}

@Article{ LamMelZan:09,
	author = "G. Lamperti and M. Melchiori and M. Zanella",
	title = "Nested relational database systems",
	journal = "International Journal of Computer Research",
	year = "2009",
	volume = "17",
	number = "3",
	pages = "321--379"
}

@InCollection{ LamMelZan:10-nova-db,
	author = "G. Lamperti and M. Melchiori and M. Zanella",
	booktitle = "Relational Databases and Open Source Software Developments",
	title = "Nested relational databases",
	editor = "J.R. Taylor",
	publisher = "Nova Science Publishers",
	series = "Computer Science, Technology and Applications",
	address = "Hauppauge, NY",
	pages = "143--237",
	year = "2010",
	isbn = "978-1-61668-436-5"
}

@InCollection{ LamMelZan:11-nova-db2,
	author = "G. Lamperti and M. Melchiori and M. Zanella",
	booktitle = "Computer Systems, Support and Technology",
	title = "Nested relational database systems",
	editor = "N.E. Mastorakis",
	publisher = "Nova Science Publishers",
	series = "Computer Science, Technology and Applications",
	address = "Hauppauge, NY",
	pages = "255--313",
	year = "2011",
	isbn = "978-1-61122-759-8"
}

@InProceedings{ LamPog:97,
	author = "G. Lamperti and P. Pogliano",
	title = "Event-based reasoning for short circuit diagnosis in power transmission networks",
	booktitle = "Fifteenth International Joint Conference on Artificial Intelligence IJCAI'97",
	address = "Nagoya, Japan",
	year = "1997",
	pages = "446--451"
}

@InProceedings{ LamPogZan:99a,
	author = "G. Lamperti and P. Pogliano and M. Zanella",
	title = "Modular diagnosis of distributed discrete-event systems by incremental clusterization techniques",
	booktitle = "International Conference on Control and Modeling of Complex Systems",
	address = "Samara, Russia",
	year = "1999",
	pages = "12--20"
}

@Article{ LamPogZan:00,
	author = "G. Lamperti and P. Pogliano and M. Zanella",
	title = "Diagnosis of active systems by automata-based reasoning techniques",
	journal = "Applied Intelligence -- The International Journal of Artificial Intelligence, Neural Networks, and Complex Problem-Solving Technologies",
	year = "2000",
	volume = "12",
	number = "3",
	pages = "217--237"
}

@InCollection{ LamQua:16-idt,
	author = "G. Lamperti and G. Quarenghi",
	booktitle = "Smart Digital Futures 2016",
	title = "Intelligent monitoring of complex discrete-event systems",
	editor = "R.J. Howlett and L.C. Jain",
	publisher = "Springer, Berlin Heidelberg",
	series = "Smart Innovation, Systems and Technologies",
	volume = "???",
	year = "2016",
	pages = "??--??",
	issn = "2190-3018"
}

@Article{ LamSca:13-aicom,
	author = "G. Lamperti and M. Scandale",
	title = "From diagnosis of active systems to incremental determinization of finite acyclic automata",
	journal = "AI Communications",
	year = "2013",
	volume = "26",
	number = "4",
	pages = "373--393"
}

@InProceedings{ LamSca:13-smc,
	author = "G. Lamperti and M. Scandale",
	title = "Incremental determinization and minimization of finite acyclic automata",
	booktitle = "IEEE International Conference on Systems, Man, and Cybernetics -- SMC 2013",
	address = "Manchester, United Kingdom",
	year = "2013",
	pages = "2250--2257"
}

@Article{ LamScaZan:16,
	author = {G. Lamperti and M. Scandale and M. Zanella},
	title = {Determinization and minimization of finite acyclic automata by incremental techniques},
	journal = {Software -- Practice and Experience},
	year = {2016},
	volume = "46",
	number = "4",
	pages = "513--549"
}

@InProceedings{ LamVivZan:08-iceis,
	author = "G. Lamperti and F. Vivenzi and M. Zanella",
	title = "On checking temporal-observation subsumption in similarity-based diagnosis of active systems",
	booktitle = "Tenth International Conference on Enterprise Information Systems -- ICEIS'2008",
	address = "Barcelona, Spain",
	year = "2008",
	pages = "44--53"
}

@InProceedings{ LamVivZan:08-mbs,
	author = "G. Lamperti and F. Vivenzi and M. Zanella",
	title = "Relaxation of temporal observations in model-based diagnosis of discrete-event systems",
	booktitle = "ECAI 2008 Workshop on Model-Based Systems -- MBS'2008",
	address = "Patras, Greece",
	year = "2008",
	pages = "25--29"
}

@InProceedings{ LamVivZan:09-dx,
	author = "G. Lamperti and F. Vivenzi and M. Zanella",
	title = "On subsumption, coverage, and relaxation of temporal observations in reuse-based diagnosis of discrete-event systems: a unifying perspective",
	booktitle = "20th International Workshop on Principles of Diagnosis DX'09",
	address = "Stockholm, Sweden",
	year = "2009",
	pages = "353--360"
}

@InProceedings{ LamZan:99,
	author = "G. Lamperti and M. Zanella",
	title = "Diagnosis of discrete-event systems integrating synchronous and asynchronous behavior",
	booktitle = "Tenth International Workshop on Principles of Diagnosis DX'99",
	address = "Loch Awe, United Kingdom",
	year = "1999",
	pages = "129--139"
}

@InProceedings{ LamZan:00-kr,
	author = "G. Lamperti and M. Zanella",
	title = "Generation of diagnostic knowledge by discrete-event model compilation",
	booktitle = "Seventh International Conference on Knowledge Representation and Reasoning -- KR'2000",
	address = "Breckenridge, CO",
	year = "2000",
	pages = "333--344"
}

@InProceedings{ LamZan:00-dx,
	author = "G. Lamperti and M. Zanella",
	title = "Uncertain discrete-event observations",
	booktitle = "Eleventh International Workshop on Principles of Diagnosis DX'00",
	address = "Morelia, Mexico",
	year = "2000",
	pages = "101--108"
}

@InProceedings{ LamZan:00-safeprocess,
	author = "G. Lamperti and M. Zanella",
	title = "Diagnosis of discrete-event systems with uncertain observations",
	booktitle = "Fourth IFAC Symposium on Fault Detection, Supervision and Safety for Technical Processes SAFEPROCESS'2000",
	address = "Budapest, Hungary",
	year = "2000",
	pages = "1109--1114"
}

@InProceedings{ LamZan:00-ecai,
	author = "G. Lamperti and M. Zanella",
	title = "Uncertain temporal observations in diagnosis",
	booktitle = "Fourteenth European Conference on Artificial Intelligence ECAI'2000",
	address = "Berlin, D",
	publisher = "IOS Press, Amsterdam, Netherlands",
	year = "2000",
	pages = "151--155"
}

@InProceedings{ LamZan:01-dx,
	author = "G. Lamperti and M. Zanella",
	title = "Principles of distributed diagnosis of discrete-event systems",
	booktitle = "Twelfth International Workshop on Principles of Diagnosis DX'01",
	address = "San Sicario, Italy",
	year = "2001",
	pages = "95--102"
}

@InProceedings{ LamZan:01-cscmp,
	author = "G. Lamperti and M. Zanella",
	title = "Distributed diagnosis of active systems",
	booktitle = "Third International Conference on Complex Systems: Control and Modeling Problems",
	address = "Samara, Russia",
	year = "2001",
	pages = "177--188"
}

@Article{ LamZan:02-aij,
	author = "G. Lamperti and M. Zanella",
	title = "Diagnosis of discrete-event systems from uncertain temporal observations",
	journal = "Artificial Intelligence",
	year = "2002",
	volume = "137",
	number = "1--2",
	pages = "91--163"
}

@Article{ LamZan:03-apin,
	author = "G. Lamperti and M. Zanella",
	title = "{EDEN}: An intelligent software environment for diagnosis of discrete-event systems",
	journal = "Applied Intelligence -- The International Journal of Artificial Intelligence, Neural Networks, and Complex Problem-Solving Technologies",
	year = "2003",
	volume = "18",
	pages = "55--77"
}

@InProceedings{ LamZan:03-dx,
	author = "G. Lamperti and M. Zanella",
	title = "Continuous diagnosis of discrete-event systems",
	booktitle = "Fourteenth International Workshop on Principles of Diagnosis DX'03",
	address = "Washington DC",
	year = "2003",
	pages = "105--111"
}

@Book{ LamZan:03-book,
	author = "G. Lamperti and M. Zanella",
	title = "Diagnosis of Active Systems -- Principles and Techniques",
	series = "The Springer International Series in Engineering and Computer Science",
	volume = "741",
	publisher = "Springer",
	address = "Dordrecht, Netherlands",
	year = "2003"
}

@InProceedings{ LamZan:04-dx,
	author = "G. Lamperti and M. Zanella",
	title = "Compilation and reuse of knowledge in diagnosis of dicrete-event systems",
	booktitle = "Fifteenth International Workshop on Principles of Diagnosis DX'04",
	address = "Carcassonne, France",
	year = "2004",
	pages = "69--74"
}

@InProceedings{ LamZan:04-ecai,
	author = "G. Lamperti and M. Zanella",
	title = "Diagnosis of discrete-event systems by separation of concerns, knowledge compilation, and reuse",
	booktitle = "Sixteenth European Conference on Artificial Intelligence ECAI'2004",
	address = "Valencia, Spain",
	year = "2004",
	pages = "838--842"
}

@InProceedings{ LamZan:04-iceis,
	author = "G. Lamperti and M. Zanella",
	title = "Dynamic diagnosis of active systems with fragmented observations",
	booktitle = "Sixth International Conference on Enterprise Information Systems -- ICEIS'2004",
	address = "Porto, Portugal",
	year = "2004",
	pages = "249--261"
}

@Article{ LamZan:04-tsmcb,
	author = "G. Lamperti and M. Zanella",
	title = "A bridged diagnostic method for the monitoring of polymorphic discrete-event systems",
	journal = "IEEE Transactions on Systems, Man, and Cybernetics -- Part B: Cybernetics",
	year = "2004",
	volume = "34",
	number = "5",
	pages = "2222--2244"
}

@InProceedings{ LamZan:05-qr,
	author = "G. Lamperti and M. Zanella",
	title = "Monitoring-based diagnosis of discrete-event systems with uncertain observations",
	booktitle = "Nineteenth International Workshop on Qualitative Reasoning -- QR'05",
	address = "Graz, Austria",
	year = "2005",
	pages = "97--102"
}

@InProceedings{ LamZan:05-dx,
	author = "G. Lamperti and M. Zanella",
	title = "Monitoring and diagnosis of discrete-event systems with uncertain symptoms",
	booktitle = "Sixteenth International Workshop on Principles of Diagnosis DX'05",
	address = "Monterey, CA",
	year = "2005",
	pages = "145--150"
}

@InProceedings{ LamZan:05-monet,
	author = "G. Lamperti and M. Zanella",
	title = "On processing temporal observations in model-based reasoning",
	booktitle = "Second MONET Workshop on Model-Based Systems -- MONET'05",
	address = "Edinburgh, United Kingdom",
	year = "2005",
	pages = "42--47"
}

@Article{ LamZan:06-aij,
	author = "G. Lamperti and M. Zanella",
	title = "Flexible diagnosis of discrete-event systems by similarity-based reasoning techniques",
	journal = "Artificial Intelligence",
	year = "2006",
	volume = "170",
	number = "3",
	pages = "232--297"
}

@InProceedings{ LamZan:06-iceis,
	author = "G. Lamperti and M. Zanella",
	title = "Incremental processing of temporal observations in supervision and diagnosis of discrete-event systems",
	booktitle = "Eighth International Conference on Enterprise Information Systems -- ICEIS'2006",
	address = "Paphos, Cyprus",
	year = "2006",
	pages = "47--57"
}

@InProceedings{ LamZan:06-dx,
	author = "G. Lamperti and M. Zanella",
	title = "Incremental indexing of temporal observations in diagnosis of active systems",
	booktitle = "Seventeenth International Workshop on Principles of Diagnosis DX'06",
	address = "Pe{\~n}aranda de Duero, Spain",
	year = "2006",
	pages = "147--154"
}

@Article{ LamZanZan:07-aicom,
	author = "G. Lamperti and M. Zanella and D. Zanni",
	title = "Incremental processing of temporal observations in Model-Based Reasoning",
	journal = "AI Communications",
	year = "2007",
	volume = "20",
	number = "1",
	pages = "27--37"
}

@InProceedings{ LamZan:07-dx,
	author = "G. Lamperti and M. Zanella",
	title = "On monotonic monitoring of discrete-event systems",
	booktitle = "Eighteenth International Workshop on Principles of Diagnosis DX'07",
	address = "Nashville, TN",
	year = "2007",
	pages = "130--137"
}

@InProceedings{ LamZan:08-ecai-a,
	author = "G. Lamperti and M. Zanella",
	title = "Dependable monitoring of discrete-event systems with uncertain temporal observations",
	booktitle = "Eighteenth European Conference on Artificial Intelligence ECAI'2008",
	address = "Patras, Greece",
	year = "2008",
	pages = "793--794"
}

@InProceedings{ LamZan:08-ecai-b,
	author = "G. Lamperti and M. Zanella",
	title = "Observation-subsumption checking in similarity-based diagnosis of discrete-event systems",
	booktitle = "Eighteenth European Conference on Artificial Intelligence ECAI'2008",
	address = "Patras, Greece",
	year = "2008",
	pages = "204--208"
}

@InCollection{ LamZan:08-lnbip,
	author = "G. Lamperti and M. Zanella",
	booktitle = "Enterprise Information Systems VIII",
	title = "On processing temporal observations in monitoring of discrete-event systems",
	editor = "Y. Manolopoulos and J. Filipe and P. Constantopoulos and J. Cordeiro",
	publisher = "Springer-Verlag",
	series = "Lecture Notes in Business Information Processing",
	volume = "3",
	address = "Berlin Heidelberg",
	year = "2008",
	pages = "135--146"
}

@InProceedings{ LamZanChiChi:08-kes,
	author = "G. Lamperti and M. Zanella and G. Chiodi and L. Chiodi",
	booktitle = "Knowledge-Based Intelligent Information and Engineering Systems",
	isbn = "978-3-540-85562-0",
	title = "Incremental determinization of finite automata in model-based diagnosis of active systems",
	editor = "I. Lovrek and R.J. Howlett and L.C. Jain",
	publisher = "Springer, Berlin Heidelberg",
	series = "LNAI",
	volume = "5177",
	year = "2008",
	pages = "362--374"
}

@InProceedings{ LamZan:09-iceis,
	editor = "J. Filipe and J. Cordeiro",
	booktitle = "Enterprise Information Systems",
	publisher = "Springer",
	series = "Lecture Notes in Business Information Processing",
	volume = "24",
	address = "Heidelberg",
	year = "2009",
	isbn = "978-3-642-01346-1",
	author = "G. Lamperti and M. Zanella",
	title = "Monotonic Monitoring of Discrete-Event Systems with Uncertain Temporal Observations",
	pages = "348--362"
}

@Article{ LamZan:10-ijcr,
	author = "G. Lamperti and M. Zanella",
	title = "Reactive diagnosis of active systems",
	journal = "International Journal of Computer Research",
	year = "2010",
	volume = "18",
	number = "1",
	pages = "1--48"
}

@InCollection{ LamZan:10-nova-diag,
	author = "G. Lamperti and M. Zanella",
	booktitle = "Computer Science Research and Technology",
	title = "Automated diagnosis of active systems",
	editor = "K.C. Verdinand",
	publisher = "Nova Science Publishers",
	series = "Computer Science, Technology and Applications",
	address = "Hauppauge, NY",
	year = "2011",
	pages = "253--322",
	isbn = "978-1-61728-688-9"
}

@InProceedings{ LamZan:10-iceis,
	author = "G. Lamperti and M. Zanella",
	title = "Diagnosis of active systems by lazy techniques",
	booktitle = "12th International Conference on Enterprise Information Systems -- ICEIS'2010",
	address = "Funchal, Madeira, Portugal",
	year = "2010",
	pages = "171--180"
}

@InProceedings{ LamZan:10-dx-a,
	author = "G. Lamperti and M. Zanella",
	title = "Distributed consistency-based diagnosis without behavior",
	booktitle = "21st International Workshop on Principles of Diagnosis DX'10",
	address = "Portland, OR",
	year = "2010",
	pages = "87--94"
}

@InProceedings{ LamZan:10-dx-b,
	author = "G. Lamperti and M. Zanella",
	title = "Injecting semantics into diagnosis of discrete-event systems",
	booktitle = "21st International Workshop on Principles of Diagnosis DX'10",
	address = "Portland, OR",
	year = "2010",
	pages = "233--240"
}

@Article{ LamZan:10-tsmca,
	author = "G. Lamperti and M. Zanella",
	title = "Monitoring of active systems with stratified uncertain observations",
	journal = "IEEE Transactions on Systems, Man, and Cybernetics -- Part A: Systems and Humans",
	year = "2011",
	volume = "41",
	number = "2",
	pages = "356--369",
	doi = "10.1109/TSMCA.2010.2069096",
}

@InCollection{ LamZan:11-nova-dd,
	author = "G. Lamperti and M. Zanella",
	booktitle = "Horizons in Computer Science Research, Volume 4",
	title = "Principles of distributed model-based diagnosis of active systems",
	editor = "T.S. Clary",
	publisher = "Nova Science Publishers",
	series = "Computer Science, Technology and Applications",
	address = "Hauppauge, NY",
	year = "2011",
	pages = "253--270",
	isbn = "978-1-61324-262-9"
}

@Article{ LamZan:11-ijcr-dd,
	author = "G. Lamperti and M. Zanella",
	title = "Principles of distributed model-based diagnosis of active systems",
	journal = "International Journal of Computer Research",
	year = "2011",
	volume = "19",
	number = "1",
	pages = "31--47"
}

@InCollection{ LamZan:11-nova-diag,
	author = "G. Lamperti and M. Zanella",
	booktitle = "New Developments in Computer Research",
	title = "Reactive diagnosis of active systems",
	editor = "N.E. Mastorakis",
	publisher = "Nova Science Publishers",
	series = "Computer Science, Technology and Applications",
	address = "Hauppauge, NY",
	year = "2012",
	isbn = "978-1-61470-321-1"
}

@InProceedings{ LamZan:11-ijcai,
	author = "G. Lamperti and M. Zanella",
	title = "Context-sensitive diagnosis of discrete-event systems",
	booktitle = "Twenty-Second International Joint Conference on Artificial Intelligence IJCAI'11",
	editor = "T. Walsh",
	address = "Barcelona, Spain",
	publisher = "AAAI Press",
	year = "2011",
	volume = "2",
	pages = "969--975"
}

@InProceedings{ LamZan:12-dx,
	author = "G. Lamperti and M. Zanella",
	title = "Consistency-based diagnosis: a topological approach",
	booktitle = "23rd International Workshop on Principles of Diagnosis DX'12",
	address = "Malvern, United Kingdom",
	year = "2012",
	pages = "207--214"
}

@InProceedings{ LamZan:13-dx,
	author = "G. Lamperti and M. Zanella",
	title = "Preliminaries on complexity of diagnosis of discrete-event systems",
	booktitle = "24th International Workshop on Principles of Diagnosis DX'13",
	address = "Jerusalem, Israel",
	year = "2013",
	pages = "192--197"
}

@InProceedings{ LamZha:13-dx,
	author = "G. Lamperti and X. Zhao",
	title = "Diagnosis of discrete-event systems with stratified behavior",
	booktitle = "24th International Workshop on Principles of Diagnosis DX'13",
	address = "Jerusalem, Israel",
	year = "2013",
	pages = "124--129"
}

@InCollection{ LamZha:13-cd-ares,
	author = "G. Lamperti and X. Zhao",
	booktitle = "Availability, Reliability, and Security in Information Systems and HCI",
	title = "Diagnosis of higher-order discrete-event systems",
	editor = "A. Cuzzocrea and C. Kittl and D.E. Simos and E. Weippl and L. Xu",
	publisher = "Springer-Verlag",
	series = "LNCS",
	volume = "8127",
	address = "Heidelberg, D",
	year = "2013",
	pages = "162--177",
	isbn = "978-3-642-40510-5"
}

@InProceedings{ LamZha:13-smc,
	author = "G. Lamperti and X. Zhao",
	title = "Specification and model-based diagnosis of higher-order discrete-event systems",
	booktitle = "IEEE International Conference on Systems, Man, and Cybernetics -- SMC 2013",
	address = "Manchester, United Kingdom",
	year = "2013",
	pages = "2342--2347"
}

@Article{ LamZha:14,
	author = "G. Lamperti and X. Zhao",
	title = "Diagnosis of active systems by semantic patterns",
	journal = "IEEE Transactions on Systems, Man, and Cybernetics: Systems",
	year = "2014",
	volume = "44",
	number = "8",
	pages = "1028--1043",
	doi = "10.1109/TSMC.2013.2296277"
}

@Article{ Lar:95,
	author = {J.-M. Larchev\^{e}que},
	title = {Optimal incremental parsing},
	journal = {ACM Transactions on Programming Languages and Systems},
	year = {1995},
	volume = {17},
	number = {1},
	pages = {1--15}
} 

@Book{ Lay:98,
	author = "R. Layton",
	title = "An Introduction to Theory in Anthropology",
	publisher = "Cambridge University Press",
	year = "1998"
}

@PhDThesis{ Les:95,
	author = "T. Leslie",
	title = "Efficient approaches to subset construction",
	year = "1995",
	school = "University of Waterloo, Canada"
}

@Article{ Lin:94,
	author = "F. Lin",
	title = "Diagnosability of discrete-event systems and its applications",
	journal = "Discrete Event Dynamical Systems",
	year = "1994",
	volume = "4",
	pages = "197--212"
}

@Book{ LicSuk:08,
	author = "I. Licata and A. Sakaji",
	title = "Physics of Emergence and Organization",
	publisher = "World Scientific",
	year = "2008"
}

@Book{ LodBerMatKaiKriScoZipDar:04,
	author = "H. Lodish and A. Berk and P. Matsudaira and C.A. Kaiser and M. Krieger and M.P. Scott and S.L. Zipursky and J. Darnell",
	title = "Molecular Cell Biology",
	publisher = "WH Freeman",
	edition = "5th",
	address = "New York, NY",
	year = "2004"
}

@Article{ Lun:98,
	author = "J. Lunze",
	title = "Qualitative modelling of dynamical systems: Motivation, methods, and prospective applications",
	journal = "Mathematics and Computers in Simulation",
	year = "1998",
	volume = "46",
	pages = "465--483"
}

@InProceedings{ Lun:99,
	author = "J. Lunze",
	title = "Discrete-event modelling and diagnosis of quantised dynamical systems",
	booktitle = "Tenth International Workshop on Principles of Diagnosis DX'99",
	address = "Loch Awe, United Kingdom",
	year = "1999",
	pages = "274--281"
}

@Article{ Lun:00-tsmc,
	author = "J. Lunze",
	title = "Diagnosis of quantized systems based on a timed discrete-event model",
	journal = "IEEE Transactions on Systems, Man, and Cybernetics -- Part A: Systems and Humans",
	year = "2000",
	volume = "30",
	number = "3",
	pages = "322--335"
}

@InProceedings{ Lun:00-safeprocess,
	author = "J. Lunze",
	title = "Diagnosis of quantised systems",
	booktitle = "Fourth IFAC Symposium on Fault Detection, Supervision and Safety for Technical Processes SAFEPROCESS'2000",
	address = "Budapest, Hungary",
	year = "2000",
	pages = "28--39"
}

@Article{ LynTut:89,
	author = "N.A. Lynch and M.R. Tuttle",
	title = "An introduction to input/output automata",
	journal = "CWI Quarterly",
	year = "1989",
	volume = "2",
	number = "3",
	pages = "219--246"
}

@Article{ Mac:08,
	author = "R.S. MacKay",
	title = "Nonlinearity in complexity science",
	journal = "Nonlinearity",
	year = "2008",
	volume = "21",
	pages = "T273--T281"
}

@Book{ Mar:10,
	author = "J.C. Martin",
	title = "Introduction to Languages and the Theory of Computation",
	edition = "fourth",
	publisher = "McGraw-Hill Companies, Inc.",
	year = "2010"
}

@InProceedings{ MatStuWieWot:00,
	author = "C. Mateis and M. Stumptner and D. Wieland and F. Wotawa",
	title = "{JADE} -- A step towards an intelligent debugger",
	booktitle = "Eleventh International Workshop on Principles of Diagnosis DX'00",
	address = "Morelia, Mexico",
	year = "2000",
	pages = "117--124"
}

@InProceedings{ MatStuWot:00,
	author = "C. Mateis and M. Stumptner and F. Wotawa",
	title = "A value-based diagnosis model for {Java} programs",
	booktitle = "Eleventh International Workshop on Principles of Diagnosis DX'00",
	address = "Morelia, Mexico",
	year = "2000",
	pages = "125--131"
}

@Book{ May:88,
	author = "B. Mayer",
	title = "Object-oriented software construction",
	publisher = "Prentice-Hall",
	address = "Englewood Cliffs, NJ",
	year = "1988"
}

@InProceedings{ McI:97,
	author = "S.A. McIlraith",
	title = "Explanatory diagnosis: conjecturing actions to explain observations",
	booktitle = "Eighth International Workshop on Principles of Diagnosis DX'97",
	address = "Mont St. Michel, France",
	year = "1997"
}

@InProceedings{ McI:98,
	author = "S.A. McIlraith",
	title = "Explanatory diagnosis: conjecturing actions to explain observations",
	booktitle = "Sixth International Conference on Principles of Knowledge Representation and Reasoning -- KR'98",
	address = "Trento, I",
	publisher = "Morgan Kaufmann, S. Francisco, CA",
	year = "1998",
	pages = "167--177"
}

@Book{ Men:97,
	author = "E. Mendelson",
	title = "Introduction to Mathematical Logic",
	publisher = "Chapman \& Hall",
	address = "Boca Raton, FL",
	year = "1997"
}

@Article{MerUme:05,
	author = {M. Mernik and V. Umer},
	title = {Incremental programming language development},
	journal = {Computer Languages, Systems and Structures},
	year = {2005},
	volume = {31},
	number = {1},
	pages = {1--16}
}

@InProceedings{ MohHas:07,
	author = "R. Mohammadi and S. Hashtrudi-Zad",
	title = "A recursive algorithm for diagnosis in hierarchical finite-state machines",
	booktitle = "{IEEE} International Conference on Systems, Man and Cybernetics",
	address = "Montr\'{e}al, Canada",
	year = "2007",
	pages = "1345--1350"
}

@Article{ Moo:56,
	author = "E. Moore",
	title = "Gedanken-experiments on sequential machines",
	journal = "Automata studies, Annals of mathematics studies",
	publisher = "Princeton University Press",
	year = "1956",
	volume = "34",
	pages = "129--153"
}

@Article{ Moz:91,
	author = "I. Mozeti\v{c}",
	title = "Hierarchical model-based diagnosis",
	journal = "International Journal of Man-Machine Studies",
	year = "1991",
	volume = "35",
	number = "3",
	pages = "329--362"
}

@InCollection{ Moz:92,
	author = "I. Mozeti\v{c}",
	booktitle = "Advanced topics in Artificial Intelligence",
	title = "Model-based diagnosis: An overview",
	editor = "V. Marik and O. Stepankova and R. Trappl",
	publisher = "Springer-Verlag",
	year = "1992",
	pages = "419--430"
}

@Article{ MusNayPelWil:98,
	author = "N. Muscettola and P.P. Nayak and B. Pell and B.C. Williams",
	title = "Remote {Agent}: to boldly go where no {AI} system has gone before",
	journal = "Artificial Intelligence",
	year = "1998",
	volume = "103",
	number = "1--2",
	pages = "5--47"
}

@Book{ MyeNat:15,
	author = "D.G. Myers and C.N. DeWall",
	title = "Psychology",
	publisher = "MacMillman Education",
	edition = "11th",
	year = "2015"
}

@Book{ NeaJia:12,
	author = "R.E. Neapolitan and X. Jiang",
	title = "Contemporary Artificial Intelligence",
	publisher = "CRC Press",
	year = "2012"
}

@InProceedings{ NejGam:94,
	author = "W. Nejdl and J. Gamper",
	title = "Harnessing the power of temporal abstractions in modelbased diagnosis of dynamic systems",
	booktitle = "Eleventh European Conference on Artificial Intelligence ECAI'94",
	address = "Amsterdam, Netherlands",
	year = "1994",
	pages = "667--671"
}

@Book{ New:10,
	author = "M. Newman",
	title = "Networks: An Introduction",
	publisher = "Oxford University Press",
	year = "2010"
}

@Article{ Ng:91,
	author = "H.T. Ng",
	title = "Model-based, multiple-fault diagnosis of dynamic, continuous physical devices",
	journal = "IEEE Expert",
	year = "1991",
	volume = "6",
	number = "6",
	pages = "38--43"
}

@Article{ Noo:00,
	author = "G. van Noord",
	title = "Treatment of epsilon moves in subset construction",
	journal = "Computational Linguistics",
	year = "2000",
	volume = "26",
	number = "1",
	pages = "61--76"
}

@InProceedings{ OsmLev:00,
	author = "A. Osmani and F. L{\'e}vy",
	title = "A constraint-based approach to simulate faults in telecommunication networks",
	booktitle = "Intelligent Problem Solving. Methodologies and Approaches: 13th International Conference on Industrial and Engineering Applications of Artificial Intelligence and Expert Systems, IEA/AIE 2000, New Orleans, Louisiana, USA, June 2000. Proceedings",
	year = "2000",
	series = "Lecture Notes in Computer Science",
	volume = "1821 / 2000",
	pages = "463--474"
}

@Book{ OsuGoe:08,
	author = "B. O'Sullivan and J. Goerzen",
	title = "Real World Haskell",
	publisher = "O'Reilly Media",
	address = "Sebastopol, CA",
	year = "2008"
}

@InProceedings{ Pan:84,
	author = "J. Y.-C. Pan",
	title = "Qualitative reasoning with deep-level mechanism models for diagnosis of mechanism failures",
	booktitle = "First IEEE Conference on AI Applications",
	address = "Denver, CO",
	year = "1984",
	pages = "295--301"
}

@Article{ PaoLaf:08,
	author = "A. Paoli and S. Lafortune",
	title = "Diagnosability analysis of a class of hierarchical state machines",
	journal = "Journal of Discrete Event Dynamic Systems: Theory and Applications",
	year = "2008",
	volume = "18",
	number = "3",
	pages = "385--413"
}

@Book{ Pap:94,
	author = "C.H. Papadimitriou",
	title = "Computational Complexity",
	edition = "first",
	publisher = "Addison-Wesley",
	year = "1994"
}

@InProceedings{ PatChe:91,
	author = "R.J. Patton and J. Chen",
	title = "A review of parity space appproaches to fault diagnosis",
	booktitle = "IFAC Symposium on Fault Detection, Supervision and Safety for Technical Processes SAFEPROCESS'91",
	address = "Baden-Baden, Germany",
	year = "1991"
}

@InProceedings{ Pen:00,
	author = "Y. Pencol{\'e}",
	title = "Decentralized diagnoser approach: application to telecommunication networks",
	booktitle = "Eleventh International Workshop on Principles of Diagnosis DX'00",
	address = "Morelia, Mexico",
	year = "2000",
	pages = "185--192"
}

@Misc{ Pen:99-TR,
	author = "Y. Pencol{\'e}",
	title = "Dyp: a model-based tool for diagnosing discrete-event systems",
	note = "INRIA",
	year = "1999"
}

@InProceedings{ Pen:04-dx,
	author = "Y. Pencol{\'e}",
	title = "Diagnosability analysis of distributed discrete event systems",
	booktitle = "Fifteenth International Workshop on Principles of Diagnosis --DX'04",
	address = "Carcassonne, France",
	year = "2004",
	pages = "173--178"
}

@InProceedings{ Pen:04,
	author = "Y. Pencol{\'e}",
	title = "Diagnosability analysis of distributed discrete event systems",
	booktitle = "Sixteenth European Conference on Artificial Intelligence --ECAI'2004",
	address = "Valencia, Spain",
	year = "2004",
	pages = "43--47"
}

@Article{ PenCor:05,
	author = "Y. Pencol{\'e} and M.O. Cordier",
	title = "A formal framework for the decentralized diagnosis of large scale discrete event systems and its application to telecommunication networks",
	journal = "Artificial Intelligence",
	year = "2005",
	volume = "164",
	number = "1--2",
	pages = "121--170"
}

@InProceedings{ PenCorRoz:01,
	author = "Y. Pencol{\'e} and M.O. Cordier and L. Roz{\'e}",
	title = "Incremental decentralized diagnosis approach for the supervision of a telecommunication network",
	booktitle = "Twelfth International Workshop on Principles of Diagnosis DX'01",
	address = "San Sicario, Italy",
	year = "2001",
	pages = "151--158"
}

@InProceedings{ Poo:89,
	author = "D. Poole",
	title = "Normality and faults in logic-based diagnosis",
	booktitle = "Eleventh International Joint Conference on Artificial Intelligence IJCAI'89",
	address = "Detroit, MI",
	year = "1989",
	pages = "1304--1310"
}

@Article{ Poo:89b,
	author = "D. Poole",
	title = "Explanation and prediction: An architecture for default and abductive reasoning",
	journal = "Computational Intelligence",
	year = "1989",
	volume = "5",
	number = "2",
	pages = "97--110"
}

@Article{ Poo:94,
	author = "D. Poole",
	title = "Representing diagnosis knowledge",
	journal = "Annals of Mathematics and Artificial Intelligence",
	year = "1994",
	volume = "11",
	pages = "33--50"
}

@Article{ PorMagTor:04,
	author = "L. Portinale and D. Magro and P. Torasso",
	title = "Multi-modal diagnosis combining case-based and model-based reasoning: a formal and experimental analysis",
	journal = "Artificial Intelligence",
	year = "2004",
	volume = "158",
	number = "1",
	pages = "109--153"
}

@Article{ QiuKum:06,
	author = "W. Qiu and R. Kumar",
	title = "Decentralized failure diagnosis of discrete event systems",
	journal = "IEEE Transactions on Systems, Man, and Cybernetics -- Part A: Systems and Humans",
	year = "2006",
	volume = "36",
	number = "2",
	pages = "384--395"
}

@Article{ RabSco:59,
	author = "M.O. Rabin and D. Scott",
	title = "Finite automata and their decision problems",
	journal = "IBM Journal of Research and Development",
	year = "1959",
	volume = "3",
	number = "2",
	pages = "114--125"
}

@InProceedings{ RajBerDorGamKanKurMilMusNayRouSmiTayTun:00,
	author = "K. Rajan and D. Bernard and G. Dorais and E. Gamble and B. Kanefsky and J. Kurien and W. Millar and N. Muscettola and P.P. Nayak and N. Rouquette and B. Smith and W. Taylor and Y. Tung",
	title = "Remote agent: an autonomous control system for the new millenium",
	booktitle = "Fourteenth European Conference on Artificial Intelligence ECAI'2000",
	address = "Berlin, D",
	publisher = "IOS Press, Amsterdam, Netherlands",
	year = "2000",
	pages = "726--730"
}

@InProceedings{ RaiKleSarShi:91,
	author = "O. Raiman and J. de Kleer and V. Saraswat and M.H. Shirley",
	title = "Characterizing non-intermittent faults",
	booktitle = "Ninth National Conference on Artificial Intelligence AAAI'91",
	address = "Anaheim, CA",
	year = "1991",
	pages = "849--854"
}

@Article{ Rei:06,
	author = {Reiss, Steven P.},
	title = {Incremental maintenance of software artifacts},
	journal = {IEEE Transactions on Software Engineering},
	year = {2006},
	volume = {32},
	number = {9},
	pages = {682--697}
}

@Article{ Rei:87,
	author = "R. Reiter",
	title = "A theory of diagnosis from first principles",
	journal = "Artificial Intelligence",
	year = "1987",
	volume = "32",
	number = "1",
	pages = "57--95"
}

@PhDThesis{ Rev:91,
	author = "D. Revuz",
	title = "Dictionnaires et lexiques: m{\'e}thodes et algorithmes",
	year = "1991",
	school = "Institut Blaise Pascal, Paris, France"
}

@article{Rev:92,
	author = "D. Revuz",
	title = "Minimisation of acyclic deterministic automata in linear time",
	journal = "Theoretical Computer Science ",
	year = "1992",
	volume = "92",
	number = "1",
	pages = "181--189"
}

@InProceedings{ Rie:93,
	author = "M. Riese",
	title = "Diagnosis of communicating systems: dealing with incompleteness and uncertainty",
	booktitle = "Thirteenth International Joint Conference on Artificial Intelligence IJCAI'93",
	address = "Chambery, France",
	year = "1993",
	pages = "1480--1485"
}

@Article{ Rin:99,
	author = "D. Rind",
	title = "Complexity and climate",
	journal = "Science",
	year = "1999",
	volume = "284",
	pages = "105--107"
}

@InProceedings{ RinGras:07,
	author = "J. Rintanen and A. Grastien",
	title = "Diagnosability testing with satisfiability algorithms",
	booktitle = "20th International Joint Conference on Artificial Intelligence IJCAI'07",
	address = "Hyderabad, India",
	year = "2007",
	pages = "532--537"
}

@InProceedings{ Roz:97,
	author = "L. Roz{\'e}",
	title = "Supervision of telecommunication network: a diagnoser approach",
	booktitle = "Eighth International Workshop on Principles of Diagnosis DX'97",
	address = "Mont St. Michel, France",
	year = "1997",
	pages = "103--111"
}

@Article{ RozCor:02,
	author = "L. Roz{\'e} and M.O. Cordier",
	title = "Diagnosing discrete-event systems: extending the `diagnoser approach' to deal with telecommunication networks",
	journal = "Journal of Discrete Event Dynamic Systems: Theory and Application",
	year = "2002",
	volume = "12",
	pages = "43--81"
}

@Article{ SamLafTen:98,
	author = "M. Sampath and S. Lafortune and D.C. Teneketzis",
	title = "Active Diagnosis of Discrete-Event Systems",
	journal = "IEEE Transactions on Automatic Control",
	year = "1998",
	volume = "43",
	number = "7",
	pages = "908--929"
}

@Article{ SamSenLafSinTen:95,
	author = "M. Sampath and R. Sengupta and S. Lafortune and K. Sinnamohideen and D.C. Teneketzis",
	title = "Diagnosability of Discrete-Event Systems",
	journal = "IEEE Transactions on Automatic Control",
	year = "1995",
	volume = "40",
	number = "9",
	pages = "1555--1575"
}

@Article{ SamSenLafSinTen:96,
	author = "M. Sampath and R. Sengupta and S. Lafortune and K. Sinnamohideen and D.C. Teneketzis",
	title = "Failure diagnosis using discrete-event models",
	journal = "IEEE Transactions on Control Systems Technology",
	year = "1996",
	volume = "4",
	number = "2",
	pages = "105--124"
}

@MastersThesis{ Sca:11,
	author = "M. Scandale",
	title = "Determinizzazione incrementale di automi a stati finiti",
	year = "2011",
	school = "University of Brescia, Italy"
}

@InProceedings{ SchKre:01,
	author = "G. Schullerus and V. Krebs",
	title = "Diagnosis of a class of discrete-event systems based on parameter estimation of a modular algebraic model",
	booktitle = "Twelfth International Workshop on Principles of Diagnosis DX'01",
	address = "San Sicario, Italy",
	year = "2001",
	pages = "189--196"
}

@InProceedings{ SchPenThi:04,
	author = "A. Schumann and Y. Pencol{\'e} and S. Thi{\'e}baux",
	title = "Diagnosis of discrete-event systems using binary decision diagrams",
	booktitle = "Fifteenth International Workshop on Principles of Diagnosis --DX'04",
	address = "Carcassonne, France",
	year = "2004",
	pages = "197--202"
}

@InProceedings{ SchSchLun:00-safeprocess,
	author = {F. Schiller and J. Schr{\"o}der and J. Lunze},
	title = "Diagnosis of transient faults in quantised systems",
	booktitle = "Fourth IFAC Symposium on Fault Detection, Supervision and Safety for Technical Processes SAFEPROCESS'2000",
	address = "Budapest, Hungary",
	year = "2000",
	pages = "1174--1179"
}

@Article{ Sha:48,
	author = "C. E. Shannon",
	title = "A mathematical theory of communication",
	journal = "Bell System Technical Journal",
	year = "1948",
	volume = "27",
	pages = "379--623"
}

@InProceedings{ SohBaiMcI:10,
	author = "S. Sohrabi and J.A. Baier and S. McIlraith",
	title = "Diagnosis as planning revisited",
	booktitle = "Twelfth International Conference on Knowledge Representation and Reasoning -- KR 2010",
	address = "Toronto, Canada",
	publisher = "Association for the Advancement of Artificial Intelligence",
	year = "2010",
	pages = "26--36"
}

@Book{ Sho:76,
	author = "E.H. Shortliffe",
	title = "Computer-based medical consultations: {MYCIN}",
	publisher = "American Elsevier",
	address = "New York, NY",
	year = "1976"
}

@Book{ SibGen:13,
	author = "P. Sibani and H.J. Jensen",
	title = "Stochastic Dynamics of Complex Systems",
	series = "Complexity Science",
	volume = "2",
	publisher = "World Scientific",
	year = "2013"
}

@InProceedings{ SidHua:07,
	author = "S. Siddiqi and J. Huang",
	title = "Hierarchical diagnosis of multiple faults",
	booktitle = "20th International Joint Conference on Artificial Intelligence -- IJCAI'07",
	address = "Hyderabad, India",
	year = "2007",
	pages = "581--586"
}

@Book{ SilKorSud:98,
	author = "A. Silberschatz and H. Korth and S. Sudarshan",
	title = "Database System Concepts",
	publisher = "McGraw-Hill",
	year = "1998"
}

@Book{ Som:10,
	author = "I. Sommerville",
	title = "Software Engineering",
	publisher = "Addison Wesley Longman",
	year = "2010",
	edition = "eighth"
}

@Article{ SriJaf:93,
	author = "V.S. Srinivasan and M.A. Jafari",
	title = "Fault detection/monitoring using timed {Petri} nets",
	journal = "IEEE Transactions on Systems, Man, and Cybernetics",
	year = "1993",
	volume = "23"
}

@Article{ Shi:07,
	author = "S. Shipp",
	title = "Structure and function of the cerebral cortex",
	journal = "Current Biology",
	year = "2007",
	volume = "17",
	number = "12",
	pages = "R443--R449"
}

@Book{ Str:00,
	author = "B. Stroustrup",
	title = "The {C++} Programming Language",
	edition = "third",
	publisher = "Addison-Wesley Longman Publishing Co.,Inc.",
	address = "Boston, MA",
	year = "2000"
}

@Book{ Str:13,
	author = "B. Stroustrup",
	title = "The {C++} Programming Language",
	edition = "fourth",
	publisher = "Addison-Wesley",
	address = "Boston, MA",
	year = "2013"
}

@InCollection{ Str:92,
	author = "P. Struss",
	booktitle = "Readings in Model-Based Diagnosis",
	title = "What's in SD? Towards a theory of modeling in diagnosis",
	editor = "W. Hamscher and L. Console and J. de Kleer",
	publisher = "Morgan Kaufmann",
	year = "1992"
}

@InProceedings{ Str:97,
	author = "P. Struss",
	title = "Fundamentals of model-based diagnosis of dynamic systems",
	booktitle = "Fifteenth International Joint Conference on Artificial Intelligence IJCAI'97",
	address = "Nagoya, Japan",
	year = "1997",
	pages = "480--485"
}

@InProceedings{ StrDre:89,
	author = "P. Struss and O. Dressler",
	title = "Physical negation-integrating fault models into the general diagnostic engine",
	booktitle = "Eleventh International Joint Conference on Artificial Intelligence IJCAI'89",
	address = "Detroit, MI",
	year = "1989",
	pages = "1318--1323"
}

@InProceedings{ StrSacCar:00,
	author = "P. Struss and M. Sachenbacher and C. Carl{\'e}n",
	title = "Insights from building a prototype for model-based on-board diagnosis of automotive systems",
	booktitle = "Eleventh International Workshop on Principles of Diagnosis DX'00",
	address = "Morelia, Mexico",
	year = "2000",
	pages = "201--212"
}

@Article{ SuWon:05,
	author = "R. Su and W.M. Wonham",
	title = "Global and Local Consistencies in Distributed Fault Diagnosis for Discrete-Event Systems",
	journal = "IEEE Transactions on Automatic Control",
	year = "2005",
	volume = "50",
	number = "12",
	pages = "1923--1935"
}

@Article{ Thi:97,
	author = "M. Thielsher",
	title = "A theory of dynamic diagnosis",
	journal = "Linking Electronic Articles in Computer and Information Science",
	year = "1997",
	volume = "2",
	number = "11"
}

@Book{ Tho:99,
	author = "S. Thompson",
	title = "Haskell -- The Craft of Functional Programming",
	publisher = "Addison-Wesley",
	address = "Harlow, United Kingdom",
	year = "1999"
}

@Book{ Tho:11,
	author = "S. Thompson",
	title = "Haskell: The Craft of Functional Programming",
	edition = "2nd",
	series = "Icss Series",
	publisher = "Pearson Education, Limited",
	year = "2011"
}

@InProceedings{ TorCapCerFabSch:94,
	author = "G. Tornielli and L. Capetta and S. Cermignani and A.S. Fabiano and R. Schinco",
	title = "An interval-based approach to fault diagnosis of power systems",
	booktitle = "International Conference on Intelligent System Application to Power Systems",
	address = "Montpellier, France",
	year = "1994",
	pages = "809--816"
}

@Article{ Tre:96,
	author = "J. Tretmans",
	title = "Test generation with inputs, outputs and repetitive quiescence",
	journal = "Software -- Concepts and Tools",
	year = "1996",
	volume = "17",
	number = "3",
	pages = "103-–120"
}

@InCollection{ Tri:02,
	author = "S. Tripakis",
	booktitle = "Formal Techniques in Real-Time and Fault-Tolerant Systems",
	title = "Fault diagnosis for timed automata",
	editor = "W. Damm and E.-R. Olderog",
	publisher = "Springer-Verlag",
	series = "Lecture Notes in Computer Science",
	volume = "2469",
	address = "Berlin Heidelberg",
	year = "2002",
	pages = "205--221"
}

@Book{ UllWid:97,
	author = "J.D. Ullman and J. Widom",
	title = "A First Course in Database Systems",
	publisher = "Prentice Hall",
	year = "1997"
}

@InCollection{ vanPlo:08,
	author = "R. van Glabbeek and B. Ploeger",
	booktitle = "Implementation and Applications of Automata",
	title = "Five determinisation algorithms",
	editor = "O. Ibarra and B. Ravikumar",
	publisher = "Springer",
	series = "LNCS",
	volume = "5148",
	address = "Berlin Heidelberg",
	year = "2008",
	pages = "161--170"
}

@InProceedings{ VisJoh:88,
	author = "N. Viswanadham and T. Johnson",
	title = "Fault detection and diagnosis of automated manufacturing systems",
	booktitle = "Twenty seventh IEEE Conference on Decision and Control -- CDC'88",
	year = "1988",
	pages = "2301--2306"
}

@MastersThesis{ Viv:09,
	author = "F. Vivenzi",
	title = "Progettazione e sviluppo di un ambiente software per la gestione di osservazioni temporali incerte",
	year = "2009",
	school = "University of Brescia, Italy"
}

@article{ WagGra:98,
	author = {T.A. Wagner and S.L. Graham},
	title = {Efficient and flexible incremental parsing},
	journal = {ACM Transactions on Programming Languages and Systems},
	volume = {20},
	number = {5},
	year = {1998},
	pages = {980--1013}
}

@InProceedings{ WanTre:94,
	author = "J.P. Wang and J. Trecat",
	title = "A parallel fault diagnosis expert system for one dispatch center",
	booktitle = "International Conference on Intelligent System Application to Power Systems",
	address = "Montpellier, France",
	year = "1994",
	pages = "201--208"
}

@Misc{ Wat:93,
	author = "B.W. Watson",
	title = "A taxonomy of finite automata minimization algorithms",
	note = "Computing Science Note 93/44",
	year = "1995",
	school = "Eindhoven University of Technology, Netherlands"
}

@PhDThesis{ Wat:95,
	author = "B.W. Watson",
	title = "Taxonomies and toolkits of regular language algorithms",
	year = "1995",
	school = "Eindhoven University of Technology, Netherlands"
}

@InProceedings{ Wat:99,
 	author = "B.W. Watson",
 	title = "A fast new semi-incremental algorithm for the construction of minimal acyclic {DFA}s",
 	booktitle = "Automata Implementation",
	editor = "J-M. Champarnaud and D. Maurel and D. Ziadi",
 	series = "LNCS",
 	volume = "1660",
 	year = "1999",
 	pages = "121--132",
 	publisher = "Springer, Berlin Heidelberg"
}

@InProceedings{ Wat:03,
	author = "B.W. Watson",
	title = "A new recursive incremental algorithm for building minimal acyclic deterministic finite automata.",
	booktitle = "Grammars and Automata for String Processing: From Mathematics and Computer Science to Biology, and Back: Essays in Honour of Gheorghe Paun",
	editor = "C. Martin-Vide and V. Mitrana",
 	series = "Topics in Computer Mathematics",
	pages = "189--202",
 	publisher = "Taylor and Francis, London",
	year = "2003"  
}

@PhDThesis{ Wat:10,
	author = "B.W. Watson",
	title = "Constructing minimal acyclic deterministic finite automata",
	year = "2010",
	school = "University of Pretoria, South Africa"
}

@Article{ WatDac:03,
	title = "An efficient incremental {DFA} minimization algorithm",
	author = "B.W. Watson and J. Daciuk",
	journal = "Natural Language Engineering",
	pages = "49--64",
	volume = "9",
	number = "1",
	year = "2003"
}

@Article{ WenBhaIye:99,
	author = "G. Weng and U.S. Bhalla and R. Iyengar",
	title = "Complexity in biological signaling systems",
	journal = " Science",
	year = "1999",
	volume = "284",
	pages = "92--96"
}

@Article{ WhiIsm:99,
	author = "G.M. Whitesides and R.F. Ismagilov",
	title = "Complexity in chemistry",
	journal = " Science",
	year = "1999",
	volume = "284",
	pages = "89--92"
}

@Article{ Wil:84,
	author = "B.C. Williams",
	title = "Qualitative analysis of MOS circuits",
	journal = "Artificial Intelligence",
	year = "1984",
	volume = "24",
	number = "1",
	pages = "281--346"
}

@InProceedings{ WilNay:96,
	author = "B.C. Williams and P.P. Nayak",
	title = "A model-based approach to reactive self-configuring systems",
	booktitle = "Seventh International Workshop on Principles of Diagnosis DX'96",
	address = "Montreal, CA",
	year = "1996"
}

@Article{ Wot:02,
	author = "F. Wotawa",
	title = "On the relationship between model-based debugging and program slicing",
	journal = "Artificial Intelligence",
	year = "2002",
	volume = "135",
	number = "1--2",
	pages = "125--143"
}

@Article{ WuMan:92,
	author = "S. Wu and U. Manber",
	title = "Fast text searching algorithm allowing errors",
	journal = "Communications of the ACM",
	year = "1992",
	volume = "35",
	number = "10",
	pages = "83--91"
}

@Misc{ Yam:12,
	author = "M. Yamaguchi",
	title = "{Fukushima Nuclear Disaster Report: Plant Operators Tokyo Electric And Government Still Stumbling}",
	note = "http://www.huffingtonpost.com/2012/07/23/fukushima-dai-ichi-nuclear-plant-operators\_n\_1694476.html",
	year = "2012"
}

@InProceedings{ YeDagYan:09,
	author = "L. Ye and P. Dague and Y. Yan",
	title = "A distributed approach for pattern diagnosability",
	booktitle = "20th International Workshop on Principles of Diagnosis DX'09",
	address = "Stockholm, Sweden",
	year = "2009",
	pages = "179--186"
}

@InProceedings{ ZadKwoWon:99,
	author = "S.H. Zad and R.H. Kwong and W.M. Wonham",
	title = "Fault diagnosis in timed discrete-event systems",
	booktitle = "38th IEEE Conference on Decision and Control -- CDC'99",
	address = "Pheonix, AZ",
	publisher = "IEEE, Piscataway, NJ",
	year = "1999",
	pages = "1756--1761"
}

@InProceedings{ ZhaLamOuy:13-dx,
	author = "X. Zhao and G. Lamperti and D. Ouyang",
	title = "Minimal diagnosis of discrete-event systems",
	booktitle = "24th International Workshop on Principles of Diagnosis DX'13",
	address = "Jerusalem, Israel",
	year = "2013",
	pages = "154--159"
}

@InProceedings{ZhaOuy:08,
 author = "X. Zhao and D. Ouyang",
 title = "Model-based diagnosis of discrete event systems with an incomplete system model",
 booktitle = "Eigtheenth European Conference on Artificial Intelligence ECAI'2008",
 publisher = "IOS Press, Amsterdam, Netherlands",
 year = "2008",
 pages = "189--193"
}

@Article{ ZhaOuyZhaWanMo:12,
	author = "X. Zhao and D. Ouyang and L. Zhang and X. Wang and Y. Mo",
	title = "Reasoning on partially-ordered observations in online diagnosis of {DESs}",
	journal = "AI Communications",
	year = "2012",
	volume = "25",
	number = "4",
	pages = "285--294"
}

@InCollection{ ZicCacCapGalLamPirRom:92,
	author = "R. Zicari and F. Cacace and C. Cappelli and A. Galipò and G. Lamperti and A. Pirovano and A. Romboli",
	booktitle = "Advanced Information Systems Engineering, CAiSE'92",
	title = "The {SOL} object-oriented database language",
	editor = "P. Loucopoulos",
	publisher = "Springer-Verlag",
	series = "LNCS",
	volume = "593",
	address = "London, United Kingdom",
	year = "1992",
	pages = "105--127",
	isbn = "3-540-55481-5"
}

